2221 3224
158 243 208 272 An.
228 243 256 271 o.
275 243 342 271 1529
387 234 430 268 98

189 1262 217 1281 At*
229 1262 344 1286 capitutum

161 1291 310 1310 commetitur.

930 242 1108 265 nULLAmUM

357 293 483 326 mitivae
508 292 636 335 regulae
667 290 832 330 visitandi,
858 300 893 324 ac
922 289 1092 330 ministris,

357 357 412 380 seu
436 347 504 379 aliis
529 357 637 379 corum
663 344 890 387 superiorilms,
913 348 948 375 nt
967 354 1021 375 eos
1041 343 1092 387 qui

358 401 468 434 relicto
494 401 598 433 seculo
625 398 662 431 ad
688 398 879 442 praedictam
912 397 1094 440 religionem

358 454 528 495 confugere
546 451 648 483 divina
674 451 846 493 inspirante
870 450 970 492 gratia
988 454 1098 483 statue-

357 507 430 544 rint,
455 510 483 539 et
508 506 584 537 alios
602 504 654 547 qui
673 515 708 535 ex
727 503 885 547 praedicto
903 503 1017 548 Ordine
1034 514 1098 536 mo-

358 559 501 592 dificatae
518 557 645 600 regulae
659 557 709 589 SS.
725 557 893 597 Trinitatis,
912 561 963 588 aut
977 567 1012 589 ex
1031 556 1097 589 aliis

358 612 485 645 laxioris
502 616 606 643 tamen
624 610 752 652 regulae
770 610 939 643 Ordinibus
955 609 993 642 ad
1010 619 1098 652 prae-

359 664 475 697 dictum
507 664 759 696 Reformatorem
785 662 933 696 Ordinem
966 662 1098 694 transire

359 718 535 756 voluerint,
566 717 696 749 servatis
721 716 902 756 servandis,
935 716 1098 748 admittere

358 771 488 815 possint,
513 771 670 803 licentiam
696 770 898 809 concedendi,
917 769 1097 810 dummodo,

359 824 461 868 quoad
482 835 535 857 eos
556 824 609 867 qui
631 835 666 856 ex
684 824 752 856 aliis
773 823 941 856 Ordinibus
962 823 999 855 ad
1017 823 1099 856 hunc

359 878 524 910 transitum
544 878 645 910 facere
665 877 827 918 voluerint,
845 877 945 909 maior
961 887 1033 920 pars
1051 888 1100 910 vo-

359 931 472 964 calium
498 930 619 970 domus,
649 930 680 962 in
706 940 767 973 qua
792 929 962 973 recipiendi
987 934 1098 970 erunt,

359 984 391 1016 in
408 983 511 1016 illum¹
530 984 714 1023 consentiat,
735 989 765 1016 et
789 983 958 1016 visitatoris
974 983 1099 1027 praedi-

360 1037 400 1070 cti
425 1037 549 1070 licentia
574 1037 717 1070 accedat:
743 1043 772 1069 et
797 1037 1002 1069 nihilominus
1026 1037 1100 1070 into-

360 1101 451 1134 grum
484 1091 651 1123 novitiatus
680 1088 818 1130 annum,
852 1095 947 1134 prout
982 1090 1033 1122 alii
1062 1090 1099 1123 de.

359 1155 440 1177 novo
466 1144 655 1187 recipiendi,
680 1149 845 1187 antequam
871 1144 1097 1187 professionem

361 1198 513 1235 emittant,
532 1197 704 1240 perficiant.

405 1251 419 1294 ἓ
443 1250 472 1283 9.
498 1250 665 1292 Postquam
688 1254 802 1290 autem,
821 1248 1024 1282 benedicente
1040 1249 1101 1282 Do-

360 1304 461 1343 mino,
490 1304 723 1347 praedictorum
753 1304 884 1336 fratrum
910 1304 1101 1336 Reformato-

360 1368 430 1390 rum
446 1357 569 1390 Ordinis
588 1357 805 1389 Sanctissimae
823 1357 980 1389 Trinitatis
997 1368 1102 1389 nume-

361 1422 415 1443 rus
439 1411 593 1449 creverit,
614 1411 655 1442 ita
684 1415 715 1442 ut
742 1410 974 1453 praedictorum
1001 1417 1101 1443 exter-

360 1474 475 1498 norum
500 1464 721 1506 religiosorum
747 1464 863 1497 auxilio
880 1474 941 1496 non
964 1464 1103 1507 indigue-

362 1516 433 1556 rint,
452 1522 481 1547 et
501 1520 571 1547 octo
589 1515 696 1547 saltem
715 1514 825 1547 domos
845 1526 897 1547 seu
914 1515 1102 1547 monasteria

362 1568 540 1608 habuerint,
566 1568 596 1599 in
621 1579 755 1611 quorum
782 1568 912 1610 singulis
937 1568 1100 1601 duodecim

363 1622 470 1653 saltem
496 1621 608 1653 fratres
635 1621 803 1654 [telin-mati
830 1621 1008 1653 huiusmodi
1036 1621 1101 1653 exi-

363 1680 453 1716 stant,
469 1675 647 1718 praedictus
660 1675 792 1706 nuncius
809 1684 863 1707 eos
876 1674 914 1706 ad
931 1675 1100 1717 capitulum

363 1728 585 1761 celebrandum
611 1728 778 1759 convocari
803 1727 903 1768 faciat,
922 1733 950 1760 et
972 1728 1001 1759 in
1019 1728 1102 1760 dicto

363 1782 498 1825 capitulo
524 1782 589 1824 ipse
614 1781 798 1823 praesideat,
818 1786 925 1813 ettam
952 1780 1101 1820 visitator,

363 1846 456 1879 quam
476 1836 620 1875 ministri,
636 1839 665 1868 et
682 1846 790 1867 eorum
806 1841 1037 1878 procuratores,
1056 1845 1103 1867 ca-

363 1889 475 1922 nonice
499 1889 604 1928 electi,
630 1899 738 1921 vocem
764 1895 793 1920 ct
817 1889 920 1921 locum
946 1889 1102 1929 habeant,

363 1952 398 1975 ac
431 1943 607 1974 ministrum
641 1942 886 1985 provincialem,
919 1948 1103 1985 ceterosque

363 1995 523 2027 ministros
547 1995 724 2035 dommum,
750 2005 786 2026 ex
813 1994 930 2027 eisdem
954 1995 1121 2026 fratribus*

363 2048 565 2087 reformatis,
595 2048 676 2079 iuxta
715 2048 928 2091 praesentium
961 2053 1102 2080 tenorem

364 2106 393 2134 et
411 2101 569 2143 regularia
590 2100 730 2132 eiusdem
745 2100 869 2134 Ordinis
887 2101 1036 2140 instituta,
1054 2101 1105 2132 eli-

364 2160 446 2197 gant:
462 2155 526 2198 ipse
542 2165 614 2185 vero
630 2154 771 2185 minister
786 2154 986 2197 provincialis
1001 2154 1104 2197 primo

364 2209 481 2241 electus
517 2208 701 2239 auctoritate
732 2210 838 2239 nostra
876 2208 1036 2250 praedicta
1069 2211 1102 2241 ea

365 2262 432 2294 vice
456 2262 616 2294 dumtaxat
641 2262 679 2293 ab
705 2261 771 2304 ipso
797 2262 906 2294 nuntio
937 2262 1103 2294 confirme-

364 2320 426 2355 tur,
452 2320 559 2348 ettam
586 2315 660 2358 ipse,
685 2326 778 2358 quam
805 2315 871 2347 eius
896 2326 1104 2355 successmes,

365 2368 506 2401 eamdem
535 2368 727 2411 provinciam
753 2370 884 2399 fratrum
911 2369 1104 2401 Reformato-

365 2433 435 2456 rum
458 2423 553 2463 (salva
575 2433 698 2465 semper
716 2422 850 2454 ministri
869 2422 1024 2464 generalis
1041 2427 1102 2454 tam

366 2474 400 2522 in
423 2475 519 2518 ipsam
546 2475 737 2517 provinciam
764 2486 856 2518 quam
881 2476 911 2506 in
936 2474 1104 2507 eumdem-

366 2532 429 2562 mct
451 2529 627 2561 ministrum
646 2529 869 2572 provincialem
886 2539 945 2572 pro
963 2534 1103 2573 tempore

403 2642 413 2669 1
432 2641 586 2677 Legendum
602 2642 671 2669 foret
686 2643 716 2669 ῑη
732 2643 795 2670 illos
813 2642 847 2678 (n.
864 2643 912 2678 T.).

1133 241 1286 264 nonaum!

1129 289 1317 331 eligendum,
1343 292 1376 320 ut
1398 297 1492 331 supra
1516 287 1632 320 dictum
1651 293 1705 330 est,
1727 287 1868 332 superio-

1130 342 1283 385 rioritate)
1309 341 1348 373 ita
1366 340 1415 373 ut¹
1442 341 1596 381 visitandi,
1614 342 1742 384 regendi
1768 348 1797 374 et
1813 354 1869 385 gu-

1131 395 1281 427 bernandi
1312 395 1436 438 plenam
1461 399 1492 427 et
1516 395 1727 428 omnimodam
1756 395 1868 429 habeat

1130 452 1324 492 potestatem.

1175 502 1189 545 g
1204 501 1254 533 lO.
1271 501 1371 534 Ceteri
1389 505 1491 533 autem
1511 500 1644 533 ministri
1662 500 1869 544 provinciales

1132 565 1188 597 pro
1215 559 1355 597 tempore
1380 554 1411 586 in
1437 553 1579 596 capitulis
1602 553 1868 597 provincialibus,

1132 618 1211 651 qnae
1235 607 1273 639 de
1297 607 1431 640 triennio
1455 607 1486 639 in
1510 607 1678 640 triennium
1693 635 1700 649 ,
1726 611 1787 641 tam
1811 618 1869 650 pro

1133 660 1254 693 statutis
1268 660 1425 700 faciendis,
1437 660 1646 700 moderandis,
1660 665 1713 693 aut
1726 671 1761 693 ex
1776 662 1870 693 causa

1133 714 1340 757 abrogandis,
1366 724 1459 756 quam
1493 713 1697 746 electionibus
1726 714 1870 758 superio-

1134 779 1214 807 rum,
1235 773 1264 800 et
1282 768 1349 800 aliis
1367 768 1404 799 ad
1422 767 1539 800 bonum
1565 768 1706 809 regimen
1732 768 1872 800 eiusdem

1133 821 1312 865 provinciae
1332 820 1573 864 pertinentibus,
1598 820 1747 853 faciendis
1771 826 1801 853 et
1825 831 1873 853 or-

1133 865 1276 906 dinandis
1301 874 1454 906 celebrari
1486 873 1641 914 debeant,
1666 873 1823 915 eligendi,
1855 884 1873 906 a

1134 927 1278 960 ministro
1301 926 1438 969 generali
1464 926 1736 960 confirmationem
1757 936 1870 969 quam-

1135 981 1272 1024 primum
1290 984 1398 1024 petere
1415 991 1451 1013 ac
1471 981 1613 1013 obtinere
1631 980 1799 1019 curabunt3
1817 985 1874 1012 sta-

1135 1035 1188 1066 tim
1214 1039 1318 1067 tamen
1345 1045 1381 1067 ac
1405 1034 1495 1067 electi
1519 1034 1656 1074 suerint,
1679 1034 1872 1077 praedictam

1134 1087 1350 1120 anctoritatem
1377 1087 1511 1121 habeant
1531 1092 1559 1119 et
1580 1097 1726 1119 exercere
1743 1087 1871 1130 possint.

1178 1142 1193 1184 ἓ
1216 1142 1267 1174 ll.
1292 1141 1497 1175 Concedimus
1524 1151 1649 1185 quoque
1674 1141 1773 1173 eidem
1798 1152 1872 1184 pro-

1136 1194 1263 1235 vinciae,
1280 1200 1323 1236 ut,
1342 1206 1424 1235 cum,
1441 1198 1599 1228 crescente
1619 1205 1751 1227 numero
1767 1194 1873 1228 domo-

1135 1259 1204 1279 rum
1230 1253 1259 1280 et
1283 1248 1425 1289 fratrum,
1445 1253 1540 1291 prout
1563 1258 1659 1291 supra
1679 1247 1796 1280 dictum
1817 1253 1873 1289 est,

1135 1300 1358 1343 provinCIalem
1385 1301 1545 1343 elegerint,
1566 1306 1805 1344 procuratorem
1825 1311 1875 1343 ge-

1135 1354 1276 1386 neralem
1307 1354 1388 1397 apud
1425 1354 1537 1387 Sedent
1572 1354 1784 1397 Apostolicam
1816 1364 1874 1397 pro

1136 1407 1275 1440 eiusdem
1294 1407 1473 1451 provinciae
1489 1408 1623 1449 negotiis
1642 1407 1809 1441 tractandis
1826 1407 1876 1440 dc-

1136 1466 1246 1503 putare
1264 1466 1293 1493 et
1317 1466 1469 1503 perpetuo
1494 1460 1630 1493 retinere
1653 1461 1784 1493 valeant.

1181 1515 1195 1557 g
1225 1515 1270 1547 12.
1290 1515 1454 1547 Praeterea
1479 1515 1623 1547 omnibus
1640 1520 1669 1547 et
1685 1515 1816 1557 singulis
1832 1514 1876 1547 di-

1136 1572 1202 1600 ctae
1218 1567 1396 1611 provinciae
1414 1568 1557 1611 personis
1574 1578 1657 1600 nunc
1674 1573 1703 1599 et
1720 1578 1777 1611 pro
1794 1573 1874 1601 tein-

1137 1631 1213 1664 pore
1238 1621 1453 1661 existentibus,
1479 1620 1563 1663 quod
1587 1620 1733 1653 omnibus
1758 1625 1787 1653 et
1812 1620 1874 1653 sin-

1136 1674 1217 1716 gulis
1242 1674 1435 1717 privilegiis,
1461 1673 1570 1716 gratiis
1600 1678 1629 1706 et
1654 1673 1875 1716 indulgentiis,

1137 1728 1386 1770 exemptionibus
1409 1732 1439 1760 et
1463 1726 1722 1767 immunitatibus,
1740 1738 1876 1770 praero-

1118 1816 1120 1822 ι
1137 1782 1257 1823 gativis,
1275 1781 1433 1814 favoribus
1451 1787 1478 1813 et
1498 1781 1635 1820 indultis,
1653 1787 1716 1812 tam
1734 1781 1877 1824 spiritua-

1138 1835 1219 1867 libus
1243 1846 1336 1878 quam
1364 1835 1602 1878 temporalibus,
1627 1834 1740 1877 quibus
1764 1835 1876 1869 fratres

1119 1888 1211 1932 ,dicu
1243 1888 1367 1921 Ordinis
1399 1888 1436 1919 de
1469 1888 1536 1920 iure
1568 1888 1615 1919 vel
1651 1888 1876 1921 consuetudine

1138 1947 1189 1973 aut
1210 1941 1285 1973 alias
1303 1941 1540 1983 quomodolibet
1556 1945 1695 1980 utuntur,
1714 1941 1876 1984 potiuntur

1138 1999 1167 2026 et
1187 1994 1333 2037 gaudent,
1354 2005 1388 2026 ac
1414 1994 1468 2033 uti,
1489 1994 1585 2037 potiri
1610 2000 1639 2026 et,
1663 1994 1799 2036 gaudere
1820 2005 1876 2038 po-

1140 2051 1241 2080 terunt
1266 2048 1502 2090 quomodolibet
1523 2047 1552 2078 in
1573 2045 1722 2085 futurum,
1743 2046 1877 2080 decretis

1138 2101 1218 2133 sacri
1243 2101 1370 2134 Concilii
1397 2100 1579 2140 Tridentini,
1605 2100 1877 2132 constitutionibus

1139 2154 1334 2197 :iilostolicis⁷
1362 2164 1395 2185 as·
1421 2153 1596 2196 primitivae
1621 2153 1748 2195 regulae
1779 2163 1873 2196 prae>-

1139 2207 1228 2239 dictis
1243 2217 1303 2239 non
1319 2207 1494 2247 contrariis,
1512 2206 1567 2247 uti,
1586 2206 1679 2249 potiri
1693 2212 1722 2238 et
1740 2207 1877 2249 gaudere

1139 2261 1236 2292 libere
1262 2265 1289 2292 et
1315 2259 1397 2292 licite
1421 2260 1551 2299 valeant,
1578 2260 1786 2302 indulgemus.

1183 2314 1197 2356 ἓ
1227 2313 1272 2345 13.
1299 2313 1475 2346 Inliibentes
1501 2313 1645 2346 ministro
1669 2314 1806 2356 generali
1824 2313 1877 2348 Or·
1892 2323 2036 2372 motl’gffiiltlsro
2047 2329 2074 2345 ne

1138 2367 1218 2399 dinis
1235 2367 1455 2399 Sanctissimae
1472 2367 1640 2406 Trinitatis,
1659 2368 1876 2401 commissario

1139 2421 1288 2461 generali,
1309 2421 1458 2453 ministris
1476 2421 1732 2464 provincialibus,
1749 2428 1779 2454 et
1797 2423 1875 2455 loca-

1138 2475 1229 2513 libus,
1248 2479 1276 2505 et
1293 2474 1360 2506 aliis
1377 2474 1627 2518 quibuscumque
1653 2475 1725 2507 dicti
1751 2475 1875 2508 Ordinis

1138 2527 1364 2581 superioribus
1389 2538 1427 2560 ne
1451 2538 1508 2571 per
1532 2539 1574 2570 se,
1593 2533 1645 2561 aut
1665 2529 1752 2569 alios,
1777 2539 1871 2573 prae-

1174 2643 1183 2670 1
1202 2609 1285 2671 taces
1298 2643 1341 2672 ila
1356 2645 1387 2671 ut
1402 2642 1554 2670 redundant
1570 2644 1607 2680 (a.
1625 2642 1673 2679 T.).

1877 238 1927 267 An.
1950 238 1980 267 C.
1997 238 2066 267 16229

1923 513 2068 534 Provinciales

1885 541 2034 560 continuentur
2055 546 2067 560 a

1885 570 1980 589 monstro
2005 572 2067 593 gune-

2203 912 2210 930 ν’
2202 886 2215 894 ζ
2202 863 2211 874 Ἴ
2199 754 2215 853 „was-77„
2197 703 2215 748 2¹2⁸.

1913 1153 2010 1174 habeant
2021 1157 2070 1178 pro-

1887 1183 2006 1201 curatorem
2032 1184 2070 1205 go-

1887 1207 1986 1228 neralem.

1909 1526 2021 1546 Gaudent
2030 1525 2073 1552 pri-

1889 1554 1978 1579 vitegns.
