2248 3229
0 0 14 20 Ἴ

85 219 136 248 An.
152 219 182 248 C.
201 218 270 248 ¹639

164 1992 276 2014 Clausulas

90 2020 197 2047 poenales.

903 217 1044 244 nummus

286 276 397 301 eorum
423 265 563 306 cuilibet,
584 276 708 301 necnon
726 266 866 311 ipsorum
885 272 913 301 et
932 267 1050 345 cuius-¹

286 320 362 354 libet
387 330 497 354 eorum
523 320 693 363 magisti·iS‚
718 319 913 361 doctoribus,
939 321 1030 355 scho-

287 374 416 415 laribus,
442 374 574 418 aliisque
599 374 818 418 superioribus
831 380 859 407 et
876 374 1030 418 personis,

289 429 381 462 ctiam
409 434 506 466 motu,
531 428 661 461 seientia
687 434 716 460 et
741 429 903 472 potestatis
932 429 1030 472 pleni-

288 482 396 516 tudine
418 483 582 522 similibus,
601 483 694 515 etiam
713 482 982 523 consistorialiter,
1001 483 1031 516 in

288 536 482 569 contrarium
509 537 613 569 t'orsan
640 546 697 579 per
721 546 938 579 quoscumque
970 536 1031 569 Ro-

289 599 401 622 manos
427 590 595 622 Pontifices
620 589 880 633 praedecessores
897 595 1031 630 nostros,

288 646 318 674 et
342 641 432 675 Sedis
456 643 655 686 Apostolicae
681 642 719 674 de.
745 643 842 675 latere
864 643 982 684 legatos
1002 649 1031 675 et

287 695 492 736 vicelegatos,
517 696 753 739 quomodolibet
779 697 956 735 concessis,
981 707 1033 740 ap-

287 749 430 792 probatis
461 754 491 781 ct
523 749 693 789 iniiov;·u.<;
725 750 839 793 quilius
864 737 1049 790 οιιῑιηίἰηις,1

288 802 408 835 etiamsi
427 802 503 834 aliiis
523 814 581 846 pro
601 804 725 836 illorum
749 804 913 837 sufficienti
939 804 1031 838 dero-

288 856 413 900 gatione
434 856 472 888 dc
491 856 550 888 illis
576 868 753 900 eorumque
782 857 852 891 tolis
871 858 1033 890 tenoribus

289 909 449 952 specialis,
475 910 635 954 specifica,
653 921 798 954 expressa
823 917 851 943 et
874 911 1033 943 individua

289 973 324 996 nc
349 963 386 996 de
413 963 509 996 verbo
534 964 571 996 ad
598 964 740 1003 verbum,
766 974 828 997 non
849 971 952 997 autem
978 976 1034 1008 per

289 1016 444 1048 clausulas
454 1017 619 1058 generales
630 1016 711 1049 idem
724 1017 939 1060 impul-lantes,
951 1027 1034 1050 nien-

290 1071 333 1103 tio
358 1081 412 1103 scu
445 1071 573 1114 quaevis
605 1072 665 1103 alia
697 1071 860 1114 expressio
892 1057 1051 1104 habenda*

291 1129 343 1156 aut
367 1124 472 1166 aliqua
504 1124 565 1156 alia
594 1124 750 1167 exquisita
779 1124 878 1156 l‘orma
904 1124 941 1156 ad
975 1125 1033 1157 boc

290 1178 442 1210 scri-anda
457 1178 546 1215 l'oret,
560 1183 684 1210 tenores
699 1178 890 1217 huiusmodi,
904 1189 939 1210 ac
954 1178 977 1211 si
996 1179 1033 1211 de

293 1232 388 1264 verbo
413 1231 450 1264 ud
477 1232 620 1271 rei-lium,
647 1232 723 1264 nihil
751 1232 874 1275 penitus
898 1233 1033 1273 omisso,

291 1290 321 1317 ct
342 1285 443 1317 l'orniit
469 1284 500 1316 in
526 1284 586 1316 illis
604 1285 716 1317 tradita
735 1286 911 1324 observatu,
927 1285 1033 1317 inserti

290 1338 403 1377 soi-ent,
424 1337 540 1370 eisdem
568 1338 787 1381 praesentibus
813 1348 870 1381 pro
895 1338 985 1382 plene
1005 1344 1034 1371 et

290 1393 483 1425 sussicicnter
505 1392 662 1435 expressis
680 1397 706 1424 et
732 1392 857 1424 insertis
875 1392 1034 1433 habentes,

291 1446 353 1478 illis
377 1446 452 1477 alias
478 1445 508 1477 in
529 1456 586 1478 suo
604 1446 718 1478 robore
736 1445 962 1489 permansuris,
977 1446 1035 1478 hac

291 1500 358 1532 vice
383 1499 544 1531 dumtaxat
570 1499 719 1531 latissime
743 1504 773 1531 ct
803 1498 983 1543 plenissime
1000 1510 1035 1532 ac

291 1552 469 1596 specialiter
493 1558 521 1584 et
547 1563 695 1596 expresse
726 1557 813 1586 motu
845 1553 910 1597 pari
943 1553 1034 1586 dero-

291 1617 421 1649 gamus,
446 1606 614 1639 contrariis
639 1607 907 1651 quibuscumque;
933 1611 985 1641 aul
1009 1599 1053 1640 si¹

290 1660 449 1703 aliquibus
473 1661 685 1692 communiter
710 1660 758 1693 vel
776 1660 899 1693 divisim
925 1661 964 1694 ab
989 1656 1053 1694 etl-3

1050 1224 1052 1237 l

1068 218 1126 244 vm
1150 219 1197 244 pr.
1714 208 1778 243 729

1355 265 1517 302 DCXLVII.

1068 339 1160 384 Quod
1183 339 1350 373 secretarii
1367 338 1533 382 qeneroles
1548 336 1683 373 Ordinis
1700 338 1808 371 Mino·

1109 404 1183 426 rum
1201 393 1239 426 de
1258 392 1471 428 observantia
1491 392 1527 425 in
1545 393 1737 426 ministrum
1753 402 1809 425 seu

1109 447 1371 480 commissarium
1407 446 1592 489 qeneralem
1623 445 1704 490 eliqi
1743 455 1809 479 non

1106 501 1244 546 possint,
1262 501 1327 533 m'si
1353 504 1512 534 transacto
1536 500 1690 533 sexennio
1705 499 1744 532 ab
1761 509 1811 532 εω-

1109 554 1194 599 pleto
1218 565 1275 587 suo
1300 550 1437 597 officio⁴.

1269 634 1408 662 Urbanus
1427 634 1506 668 Papa
1525 633 1604 667 vm,

1191 679 1227 706 ad
1246 683 1423 713 perpetuam
1442 679 1486 706 roi
1508 677 1689 706 memoriam.

1111 749 1269 794 Prospero
1291 750 1435 793 filieique
1455 749 1643 783 dilectorum
1670 748 1808 782 filiorum

1068 805 1199 837 fratrum
1225 803 1351 838 Ordinis
1376 804 1530 836 Minorum
1549 802 1578 836 S.
1597 803 1754 836 Francisci
1772 801 1810 836 de

1067 858 1270 892 observantia
1307 863 1560 901 nuncupatorum
1598 855 1745 899 regimini
1781 860 1811 889 et

1067 912 1244 954 gubernio,
1270 922 1328 955 pro
1354 911 1501 955 pastorali
1527 912 1635 943 nostra
1660 909 1811 943 sollicitu-

1067 965 1161 1004 dine,
1186 971 1336 1008 quantum
1363 975 1433 998 cum
1465 964 1597 998 Domino
1623 973 1810 1008 possumus,

1068 1018 1233 1051 consulere
1261 1019 1410 1058 volentes,
1436 1024 1522 1051 motu
1548 1017 1690 1061 proprio,
1715 1027 1750 1050 ac
1775 1027 1811 1050 ex

1069 1074 1155 1104 certa
1173 1072 1301 1105 scientia
1321 1073 1507 1115 matun-:ique
1521 1071 1745 1104 deliberatione
1760 1081 1812 1103 no·

1069 1125 1150 1162 stris,
1177 1125 1279 1169 deque
1303 1125 1495 1169 apostolicae
1520 1124 1682 1170 potestatis
1711 1125 1811 1168 pleni-

1069 1180 1186 1219 tudine,

1113 1234 1127 1276 ς
1151 1233 1180 1265 l.
1205 1232 1291 1272 Quod
1317 1232 1354 1264 de
1372 1237 1488 1271 cetero,
1511 1231 1673 1276 perpetuis
1699 1231 1811 1265 suturis

1069 1286 1276 1329 temporibus,
1295 1286 1345 1317 ille
1366 1296 1419 1317 seu
1439 1285 1503 1317 illi’
1516 1296 1552 1317 ex
1571 1284 1720 1318 fratribus
1737 1286 1811 1318 dicti

1069 1338 1266 1386 Oi·dinis,q·ii
1282 1349 1340 1382 pro
1351 1344 1492 1382 tempore
1504 1338 1664 1372 existentis
1677 1338 1811 1371 ministri

1069 1392 1226 1435 generalis
1251 1392 1390 1425 eiusdem
1409 1391 1534 1425 Ordinis
1551 1392 1740 1424 secretarius
1758 1403 1813 1424 seu

1069 1446 1229 1479 secretarii
1257 1446 1380 1483 fuerint,
1400 1445 1429 1477 in
1453 1445 1630 1477 ministrum
1653 1456 1707 1477 seu
1732 1456 1814 1478 com-

1070 1500 1248 1533 missarium
1275 1501 1453 1543 generalem
1480 1498 1605 1532 Ordinis
1631 1499 1812 1532 huiusmodi

1071 1555 1251 1588 immediate
1281 1560 1310 1586 et
1334 1564 1391 1597 per
1419 1554 1603 1586 sexennium
1629 1558 1701 1597 post
1725 1553 1813 1586 illum

1070 1608 1249 1641 ministrum
1269 1607 1460 1650 generalem,
1478 1607 1526 1639 cui
1546 1607 1575 1639 in
1594 1607 1696 1639 officio
1711 1617 1813 1639 secre-

1071 1662 1140 1694 tarii
1167 1662 1382 1702 inservierint,
1403 1671 1438 1694 ae
1463 1661 1592 1704 pariter,
1610 1660 1743 1693 durante
1767 1659 1814 1693 di-

291 1714 361 1747 dcni
387 1714 425 1747 sit
451 1714 529 1747 Sede
555 1714 728 1753 indultum,
758 1714 842 1757 quod
869 1714 1034 1757 interdici,
1052 1699 1119 1748 icto
1144 1715 1314 1757 sexennio,
1339 1714 1364 1747 si
1390 1714 1461 1748 novi
1497 1714 1631 1747 ministri
1657 1714 1812 1755 generalis

291 1767 439 1811 suspendi
465 1768 512 1799 rel
538 1767 806 1801 excommunicari
831 1778 893 1801 non
917 1769 1035 1811 possint
1070 1770 1251 1803 immediate
1275 1779 1477 1813 quocumque
1496 1768 1590 1802 modo
1607 1768 1744 1801 officium
1767 1778 1814 1801 va-

290 1832 348 1865 per
374 1821 492 1853 litteras
515 1821 706 1864 apostolicas
724 1830 786 1854 non
805 1821 952 1854 facientes
973 1822 1035 1865 ple·
1052 1815 1053 1849 i
1069 1833 1141 1856 care
1171 1823 1352 1865 contingat,
1384 1822 1415 1855 in
1449 1823 1599 1856 vicarium
1633 1821 1814 1865 generalem

292 1885 363 1907 nam
389 1881 418 1907 et
448 1885 628 1918 expressam
655 1886 690 1907 ae
715 1874 753 1907 de
778 1875 875 1908 verbo
900 1875 938 1908 ad
970 1886 1035 1908 ver·
1069 1877 1155 1911 nullo
1173 1876 1267 1910 modo
1281 1877 1352 1919 eligi
1369 1876 1491 1920 possint
1508 1881 1537 1909 et
1556 1875 1686 1915 valeant,
1707 1881 1814 1909 tenore

292 1929 367 1961 bum
392 1928 430 1961 de
456 1928 577 1961 indulto
602 1928 782 1962 huiusmodi
809 1930 1011 1962 mentionem.
1051 1912 1280 1976 ⁴praesentium
1307 1930 1473 1963 statuimus
1497 1935 1528 1963 et
1551 1929 1745 1963 ordinamus.

337 1983 352 2026 g
376 1980 405 2015 8.
432 1981 513 2015 Nulli
539 1993 616 2024 ergo
641 1983 771 2016 omnino
801 1982 966 2016 hominum
992 1982 1033 2015 li-
1115 1985 1130 2028 ἓ
1154 1984 1184 2017 2.
1205 1983 1319 2028 Sicque
1343 1983 1567 2017 inviolabiliter
1591 1983 1765 2024 observari,
1785 1988 1815 2017 et

292 2039 360 2070 ceat
385 2036 463 2069 bane
489 2036 636 2079 paginam
661 2042 787 2069 nostrae
813 2035 1034 2077 subiectionis,
1069 2048 1127 2082 per
1142 2047 1360 2081 quoscumque
1381 2036 1499 2069 iudices
1519 2036 1698 2070 ordinarios
1715 2042 1745 2069 et
1764 2036 1816 2070 de-

292 2090 523 2129 submissionis,
549 2090 771 2129 concessionis,
802 2089 1034 2133 impet-titionis,
1052 2085 1053 2115 l
1071 2091 1200 2134 legatos,
1227 2090 1320 2124 etiam
1347 2100 1513 2123 causarum
1532 2089 1626 2133 palati
1651 2089 1815 2133 apostolici

291 2143 414 2183 indulti,
436 2143 571 2175 mandati
587 2148 617 2175 et
633 2142 848 2186 derogationis
863 2142 1035 2186 infringere
1052 2136 1054 2157 '
1070 2144 1239 2186 auditores,
1265 2153 1301 2177 ac
1325 2149 1450 2176 sanctae
1475 2143 1633 2177 Romanae
1658 2141 1816 2176 Ecclesiae

292 2196 340 2230 vel
365 2197 392 2229 ei
418 2206 494 2229 ausu
521 2195 690 2229 temerario
716 2196 882 2230 contraire.
909 2195 940 2228 Si
966 2196 1035 2239 quis
1071 2197 1257 2239 cardinales,
1270 2196 1362 2230 etiam
1377 2196 1415 2229 de
1428 2196 1525 2230 latere
1539 2196 1669 2240 legam,
1683 2195 1814 2230 iudicari

291 2257 396 2284 autem
423 2250 482 2283 lioe
508 2255 660 2284 attentare
682 2250 939 2294 praesumpserit,
960 2250 1036 2283 indi·
1071 2256 1101 2284 et
1125 2249 1251 2284 definiri
1275 2249 1409 2292 debere,
1440 2249 1632 2294 irritumque
1662 2255 1693 2283 et
1723 2250 1816 2284 inane

291 2306 472 2349 gnationem
494 2305 719 2349 omnipotentis
737 2304 791 2338 Dei
812 2315 848 2337 ac
871 2304 1035 2337 beatorum

292 2359 375 2393 Petri
400 2364 430 2392 et
456 2359 540 2392 Pauli
566 2359 783 2403 apostolorum
815 2358 882 2391 eius
913 2369 945 2391 se
978 2367 1036 2392 no-

292 2413 370 2448 verit
397 2413 608 2446 incursurum.

336 2467 447 2501 Datum
459 2467 585 2507 Romae,
595 2465 678 2510 apud
693 2465 721 2499 S.
734 2465 862 2499 Mariam
874 2465 1034 2507 Maiorem,

291 2531 372 2555 anno
397 2520 623 2554 lncarnauonis
647 2519 827 2553 Dominicae
852 2529 1033 2561 nummii,

291 2585 323 2609 tv
347 2575 418 2609 idus
434 2574 521 2615 iunii,
539 2574 739 2618 pontificatus
756 2573 854 2606 nostri
872 2583 954 2607 anno
969 2583 1032 2608 ινῐ.

328 2637 387 2666 Dat.
404 2637 448 2665 die
463 2638 498 2665 10
513 2637 579 2664 iunii
602 2636 679 2671 1630,
701 2637 794 2673 pontit.
812 2644 882 2664 anno
898 2642 951 2664 xvi.

410 2693 488 2721 Butl.
505 2693 586 2722 Rom.
601 2706 638 2714 —
656 2692 714 2720 Vol.
732 2692 806 2721 XIV.

1106 2368 1117 2394 ¹
1136 2366 1176 2395 De
1192 2366 1314 2395 vacantia
1329 2365 1481 2394 officiorum
1496 2365 1604 2394 Ordinis
1619 2366 1677 2403 lege
1697 2365 1730 2394 ad
1751 2374 1815 2394 con-

1069 2412 1236 2439 stitutionem
1246 2411 1415 2447 Militantis,
1425 2411 1537 2446 Gregor.
1549 2411 1602 2445 XV,
1614 2419 1645 2439 ac
1658 2411 1816 2440 Theatrum

1068 2458 1263 2493 requtarium„
1274 2457 1349 2485 verb.
1365 2458 1516 2485 Vae-antia.
1527 2471 1562 2479 -—
1573 2456 1719 2493 Hucusque
1731 2457 1816 2485 adno-

1068 2502 1133 2530 tatio
1149 2501 1350 2534 numantinum
1366 2502 1412 2529 sed
1430 2502 1520 2530 citatio
1535 2501 1707 2529 trusiranea:
1726 2501 1816 2537 potius

1068 2546 1185 2583 tegerem
1205 2547 1316 2574 constit.
1333 2546 1502 2582 Militantis,
1518 2545 1604 2583 ipsius
1626 2545 1726 2574 Urbani
1743 2545 1813 2581 vul,

1068 2597 1131 2620 tom.
1148 2598 1207 2625 xiii,
1225 2600 1286 2628 pag.
1302 2591 1354 2619 663
1370 2592 1406 2627 (a.
1419 2593 1470 2625 τ.).

1104 2639 1113 2665 1
1133 2636 1232 2665 Vocem
1244 2637 1291 2665 itti
1305 2637 1430 2665 addimus
1444 2644 1476 2665 ex
1491 2635 1557 2666 edit.
1573 2634 1693 2666 Cherub.
1704 2636 1743 2673 (n.
1757 2635 1810 2673 τ.).

953 2691 989 2720 92

1825 218 1873 246 An.
1892 217 1919 247 C.
1940 218 2005 248 ¹039

1852 761 1974 784 Exordium.

1862 1241 1950 1263 Mandat.
1965 1247 2012 1267 ΡΙὌ·

1828 1272 1849 1290 ut
1861 1276 1879 1289 in
1895 1270 1988 1290 rubrica.

1843 2018 1846 2022 ⁴
1860 1991 1972 2012 Deci-etum
1988 1991 2014 2012 ir-

1830 2020 1902 2040 filaus.
