2248 3229
151 231 199 258 An.
217 230 246 257 C.
270 230 336 258 1632
957 232 1098 258 *t'ltBANUS
1124 233 1179 258 vin
1203 233 1251 258 rr,
1763 222 1828 257 ⁶295

347 277 448 319 nobis,
466 279 573 322 vigore
593 278 769 313 litterarum
794 281 1037 324 apostolicarum
1056 282 1087 315 in
1103 284 1106 302 t
1120 282 1249 316 domiuo
1273 287 1382 316 nostro
1407 282 1490 327 Papa
1515 281 1546 316 in
1568 280 1750 315 huiusmodi
1767 282 1861 316 causa

348 332 449 381 forma
462 331 568 366 Brevis
585 333 813 379 expeditarum,
831 335 862 367 in
879 335 1015 368 secunda
1033 345 1088 368 seu
1103 354 1105 385 ἰ
1121 336 1287 379 deputatos
1313 337 1546 380 promulgatam
1569 336 1772 378 declarantes,
1790 336 1863 369 dici-

348 385 408 417 alta
434 386 548 419 veriori
574 392 738 420 vertuntur
762 388 909 421 instantia
934 389 1015 421 inter
1043 398 1088 421 re·
1103 390 1105 443 t
1122 399 1201 429 mus,
1218 390 1469 432 pronuntiamus,
1484 390 1684 423 decernimus
1707 395 1737 423 et
1757 389 1863 423 defini-

349 439 500 472 xerendos
525 440 636 474 fratres
661 442 869 485 cappuccinos
890 447 1087 486 nuncupatos
1103 462 1104 467 =
1123 441 1181 474 tire
1207 443 1432 490 sententiamus
1456 448 1486 478 ct
1509 444 1716 485 declaramus,
1742 443 1863 488 praedi-

348 492 472 526 Ordinis
492 493 646 527 Minorum
668 495 765 527 saneti
783 495 939 528 Francisci
965 505 1002 528 ex
1027 497 1088 528 una
1104 490 1105 550 l
1122 500 1187 527 ctos
1208 496 1320 528 fratres
1345 497 1530 530 recollectos
1548 498 1645 530 teneri
1663 503 1693 531 et
1709 497 1863 541 obligatos

349 551 375 578 et
392 547 581 580 reverendos
596 548 710 581 fratres
725 549 865 582 eiusdem
881 549 1005 582 Ordinis
1022 559 1089 581 san-
1104 557 1105 589 t
1122 551 1189 581 esse'
1213 549 1251 581 ad
1276 549 1497 593 deponendum
1516 552 1676 595 caputium
1701 552 1785 595 quod
1809 552 1863 585 de-

349 600 388 632 cti
405 600 559 633 Francisci
574 601 738 635 strictioris
757 603 975 635 observantiae
992 603 1089 635 recol-
1104 636 1106 661 Ι
1122 602 1224 635 ferunt
1249 603 1473 644 acutuiuatuu‘1‚
1491 610 1521 637 et
1545 609 1607 637 tam
1634 615 1697 645 eos,
1713 606 1764 649 qui
1791 605 1863 638 reli-

1875 233 1924 260 ΛΠ.
1942 232 1971 260 C.
1991 231 2060 260 1632

348 653 446 686 lectos
459 654 575 687 Galliae
588 662 784 699 nuncupatos
795 657 846 699 (de
860 662 886 689 et
903 666 996 700 super
1009 655 1090 688 dela·
1105 668 1106 700 1

350 707 432 739 tione
444 717 497 739 seu
512 707 736 742 reformatione
747 709 861 753 caputii
877 715 907 742 et
921 714 1088 742 mozzettae
1105 714 1106 717 ’

348 770 405 804 pcr
422 770 475 794 eos
496 761 748 801 deferendorum,
771 768 801 795 et
822 763 1032 796 declaratione
1058 762 1088 794 iu

348 815 406 847 hac
420 820 509 858 parte
523 821 551 848 et
566 817 773 860 exequutione
787 817 959 860 respective
976 816 1089 849 littera-

349 880 418 902 rum
437 870 679 912 apostolicarum
698 871 883 904 sanctissimi
902 870 1020 904 domini
1038 871 1107 903 Ilo-¹

349 925 405 956 stri
423 923 522 966 Papae
544 924 601 956 sub
626 924 733 957 datum
752 926 869 958 Romae
890 924 972 968 apud
990 924 1018 957 S.
1038 925 1090 957 Pe·
1106 950 1108 978 ι

350 983 430 1009 trum
450 977 507 1010 sub
523 978 633 1011 diebus
651 990 667 1010 x
685 978 829 1020 ianuarii,
848 983 877 1012 et
895 978 1004 1011 ultima
1023 978 1089 1011 iulii
1106 980 1108 1005 ἒ

348 1030 419 1063 anni
435 1041 573 1065 >inc-xxiv
591 1032 621 1064 in
639 1031 733 1064 simili
752 1032 853 1065 forma
871 1032 977 1064 Brevis
1002 1031 1091 1065 desu-
1106 1008 1108 1051 Ι

347 1094 405 1127 per
418 1084 650 1128 expeditarum¹
665 1095 701 1118 ac
714 1085 886 1128 perillustri
901 1090 930 1118 et
947 1095 1091 1118 reveren-

348 1136 477 1170 dissimo
494 1137 622 1170 domino
640 1137 832 1171 Bernardino
853 1138 1090 1182 archiepiscopo

349 1190 537 1223 Damiatensi
562 1190 649 1223 Sedis
685 1191 883 1234 Apostolicae
918 1191 1034 1224 nuncio
1060 1192 1090 1224 in

349 1253 448 1286 regno
472 1243 590 1277 Galliac
624 1245 855 1286 commoranti,
881 1249 911 1277 et
944 1244 1089 1278 illustris-

349 1297 427 1330 simo
445 1302 474 1330 et
490 1298 753 1332 reverendissimo
777 1298 905 1332 domino
923 1298 1090 1331 Francisco
1106 1320 1107 1329 1

350 1350 430 1385 tituli
455 1351 483 1384 S.
513 1351 629 1385 Callisti
661 1352 847 1397 presbytero
878 1352 1027 1385 cardinali
1053 1352 1107 1384 de¹

350 1405 378 1437 la
401 1404 658 1445 Rocliesoucault,
683 1411 712 1438 ct
736 1405 1002 1439 reverendissimo
1027 1405 1086 1438 do-

350 1458 435 1492 mino
459 1458 609 1502 episcopo
626 1459 890 1492 Silvanectenensi
914 1446 1108 1503 respective¹

349 1512 552 1553 directarum,
571 1512 730 1556 rebusque
754 1513 823 1545 aliis
838 1513 867 1545 in
888 1513 964 1547 actis
977 1523 1090 1546 causac

350 1570 377 1598 ct
396 1575 560 1598 causarum
586 1565 766 1598 huiusmodi
791 1566 883 1599 latius
900 1566 1041 1599 deductis
1061 1571 1091 1599 et
1107 1590 1108 1593 η

350 1617 476 1651 illorum
505 1618 692 1661 occasione)
717 1618 861 1662 partibus
891 1629 926 1651 ex
957 1619 1055 1651 altera
1069 1618 1090 1659 ²,

350 1671 423 1704 visis
446 1671 533 1715 prius
557 1671 669 1704 litteris
694 1672 868 1713 antedictis,
885 1682 921 1705 ac
945 1672 1091 1705 omnibus

349 1725 470 1758 iuribus
487 1730 518 1758 et
534 1725 698 1769 scripturis
724 1726 755 1758 in
779 1725 895 1759 iudicio
916 1726 1090 1770 productis,

349 1778 489 1822 actisque
512 1779 674 1820 actitatis³,
698 1785 729 1812 et
751 1780 894 1824 partibus
918 1780 991 1813 hinc
1020 1780 1091 1813 inde

349 1832 437 1876 prius
461 1832 493 1865 in
518 1833 586 1865 iure
603 1837 633 1866 et
657 1833 688 1865 in
713 1834 793 1867 sacto
818 1834 939 1878 pluries
959 1834 1109 1875 auditiss

351 1887 486 1930 visisque
498 1887 567 1919 aliis
579 1887 725 1920 omnibus
740 1887 890 1928 videndis,
904 1893 934 1921 et
949 1888 1091 1922 conside·
1107 1902 1108 1915 i

350 1940 425 1973 ratis
442 1940 688 1980 considerandis,
709 1941 855 1985 factoque
877 1942 970 1975 etiam
994 1943 1091 1975 verbo

350 2004 422 2027 cum
448 1993 558 2027 eodem
593 1994 791 2028 sanctissimo
826 1995 955 2029 domino
988 1996 1069 2039 Papa
1084 2023 1091 2037 ‚

350 2058 540 2091 causamque
564 2051 593 2082 et
618 2058 726 2081 causas
750 2049 905 2092 praefatas
930 2051 991 2081 una
1019 2047 1109 2088 cum*

351 2106 415 2134 toto
439 2101 566 2143 negotio
590 2101 758 2145 principali
791 2102 882 2135 nobis
908 2103 1092 2135 commissas

349 2155 572 2198 amplectentes
596 2161 625 2187 et
648 2155 837 2196 decidentes,
861 2166 897 2188 ae
917 2156 1028 2189 ultimo
1046 2156 1092 2189 di-

351 2212 414 2242 ctas
438 2208 556 2241 litteras
581 2208 767 2241 sanctissimi
786 2208 905 2242 domini
922 2209 1022 2242 nostri
1041 2209 1110 2242 Pa-'

1123 656 1247 698 gionem
1264 657 1414 689 haetenus
1428 657 1561 699 ingressi
1576 664 1657 697 sunt,
1668 669 1761 701 quam
1775 659 1862 699 alios,

1123 709 1175 752 qui
1210 710 1352 742 eamdem
1382 711 1567 753 religionem
1600 711 1630 743 in
1656 712 1796 744 l'uturtun
1822 711 1865 744 in-

1124 763 1318 805 gredientur,
1332 764 1476 797 similiter
1494 765 1590 797 teneri
1608 770 1637 798 et
1654 765 1809 808 obligatos
1825 765 1863 798 ad

1124 816 1328 849 deterendutn
1354 818 1513 861 caputium
1547 818 1715 852 rotundum
1746 820 1865 852 formae

1125 875 1154 901 ct
1179 870 1335 913 qualitatis
1359 871 1562 911 huiusmodi,
1587 872 1745 911 videlicet,
1770 883 1864 916 capu-

1125 924 1202 956 tium
1221 925 1391 957 rotundum
1410 936 1481 957 cum
1500 929 1649 960 mozzctta
1670 925 1799 968 largiori
1820 925 1865 958 illi

1124 977 1211 1011 unita
1236 982 1266 1010 et
1279 978 1412 1018 adnexa,
1431 978 1514 1022 quod
1533 979 1563 1010 in
1579 979 1688 1011 maiori
1703 979 1866 1011 latitudine

1125 1041 1200 1063 suae
1225 1031 1426 1077 rotunditatis
1442 1042 1459 1064 a
1475 1037 1564 1075 parte
1587 1032 1737 1065 anteriori
1754 1033 1792 1065 ad
1810 1043 1866 1076 po-

1106 1116 1108 1127 ,
1125 1084 1290 1117 stet-iorem
1308 1085 1389 1117 intra
1404 1085 1549 1129 synciput
1566 1089 1595 1119 et
1611 1085 1736 1129 occiput
1751 1096 1813 1119 non
1827 1086 1866 1119 sit

1125 1137 1243 1180 largius
1263 1134 1410 1171 'duarum
1447 1138 1719 1182 quindecimarum
1745 1139 1866 1183 portio-

1106 1229 1108 1238 γ
1124 1201 1200 1224 num
1226 1191 1358 1225 minoris
1372 1197 1402 1225 et
1418 1198 1576 1225 extremae
1596 1203 1669 1226 suae
1683 1193 1866 1234 latitudinis,

1124 1255 1203 1288 quae
1220 1245 1279 1278 erit
1296 1245 1334 1279 ab
1349 1246 1498 1279 anteriori
1515 1245 1552 1278 ad
1570 1246 1778 1289 posteriorem
1799 1257 1868 1290 par-

1125 1303 1187 1330 tem
1212 1298 1293 1332 intra
1318 1304 1428 1341 guttur
1455 1305 1485 1331 et
1509 1299 1625 1332 collum
1650 1299 1790 1332 eiusdem
1815 1310 1866 1333 ca-

1124 1351 1219 1395 putii:
1237 1352 1393 1385 delatione
1418 1352 1644 1396 cuiuscumque
1665 1353 1792 1386 alterius
1816 1364 1867 1397 gc-

1106 1427 1108 1444 5
1124 1404 1209 1437 neris
1225 1415 1279 1437 seu
1297 1405 1415 1438 formae
1433 1405 1550 1448 caputii
1574 1405 1635 1438 illis
1658 1406 1866 1449 imposterum

1124 1458 1248 1501 penitus
1272 1458 1449 1498 interdicta,
1466 1458 1629 1502 firmisque
1646 1464 1675 1492 ct
1696 1459 1726 1492 in
1751 1460 1866 1494 robore

1106 1523 1182 1558 vsuo
1205 1517 1358 1556 perpetuo
1393 1512 1629 1560 remanentibus
1660 1513 1774 1546 ceteris
1798 1525 1866 1547 om-

1124 1565 1216 1598 nibus
1237 1569 1266 1599 et
1283 1565 1414 1608 singulis
1439 1567 1594 1599 contentis
1614 1566 1646 1599 in
1662 1567 1867 1601 ultimodictis

1125 1619 1238 1652 litteris·
1258 1620 1437 1663 apostolicis
1457 1620 1646 1653 sanctissimi
1671 1620 1791 1654 domini
1815 1632 1868 1655 no-

1107 1673 1191 1713 zstri,
1208 1683 1288 1717 quae
1313 1679 1341 1706 ct
1366 1684 1443 1717 quas
1460 1673 1491 1706 in
1508 1674 1656 1707 omnibus
1676 1680 1705 1707 et
1725 1686 1781 1718 per
1802 1685 1866 1709 om-

1107 1726 1186 1768 ¹>nia,
1207 1726 1300 1759 etiam
1326 1727 1383 1760 sub
1408 1727 1519 1771 poenis
1544 1732 1574 1760 et
1599 1729 1741 1762 censuris
1765 1729 1796 1761 in
1822 1728 1866 1762 eis

1107 1811 1108 1814 ,
1125 1781 1291 1824 expressis,
1312 1781 1534 1815 inviolabiliter
1559 1782 1720 1815 observari
1741 1782 1867 1816 manda-

1126 1844 1210 1875 mus3
1243 1845 1279 1867 ac
1303 1835 1411 1867 ambas
1435 1841 1562 1878 partes,
1589 1836 1679 1869 iustis
1703 1835 1741 1869 de
1765 1837 1867 1870 causis

1125 1888 1265 1921 animum
1290 1886 1499 1931 moventibus,
1525 1889 1563 1922 ab
1587 1890 1733 1934 expensis
1757 1891 1863 1924 absol-

1126 1942 1245 1981 vimus;
1264 1948 1294 1975 et
1310 1943 1427 1976 eisdem
1452 1943 1594 1987 partibus
1618 1950 1806 1988 perpetuum
1831 1945 1868 1978 si-

1108 1996 1256 2043 ¹lentium
1281 1996 1417 2040 desuper
1434 1996 1644 2041 imponimus3
1663 2008 1699 2031 ac
1715 1998 1753 2032 de
1773 1999 1867 2043 depo-

1125 2049 1228 2083 nendo
1253 2055 1283 2083 et
1307 2050 1477 2084 auferendo
1512 2056 1543 2084 et
1576 2052 1751 2096 respective
1783 2052 1866 2086 dese-

1125 2102 1224 2136 rendo
1249 2104 1409 2147 caputium
1434 2105 1621 2148 praefatum,
1646 2110 1678 2140 ut
1703 2116 1810 2150 supra,
1837 2113 1863 2140 et

1108 2193 1110 2200 Ι
1125 2156 1185 2188 alia
1209 2167 1426 2201 quaecumque
1443 2158 1589 2193 mandata
1608 2158 1743 2204 desuper
1759 2170 1867 2194 neces-

1126 2210 1207 2242 saria
1231 2215 1261 2243 et
1285 2217 1465 2254 opportuna
1489 2211 1689 2246 decernimus
1705 2218 1734 2246 et
1750 2213 1867 2246 relaxa-

350 2272 406 2305 pae
431 2266 461 2294 et
486 2261 578 2294 etiam
614 2262 798 2296 sententiam
834 2272 892 2306 per
916 2262 1089 2295 illustrissi-
1107 2274 1205 2311 1mus.
1232 2264 1269 2297 Et
1292 2264 1333 2298 ita
1358 2264 1502 2306 dicimus,
1530 2267 1786 2310 pronunciamus,
1811 2267 1865 2301 de—

351 2325 436 2348 mum
456 2319 485 2348 et
499 2314 796 2349 reverendissimum
814 2315 978 2349 dominum
996 2316 1092 2349 Fran·
1126 2317 1292 2358 claramus,
1317 2318 1527 2361 decernimus,
1553 2320 1795 2361 sententiamus‚
1813 2320 1862 2353 in-

350 2369 469 2403 ciscum
500 2368 690 2402 cardinalem
726 2374 756 2402 et
790 2367 1328 2416 reverendissimum:tei-dicimus,
1365 2372 1576 2414 mandamus,
1611 2373 1802 2407 absolvimus
1837 2377 1867 2408 et

350 2422 513 2457 dominum
538 2423 722 2467 episcopum
739 2423 912 2457 antedictos
930 2423 1049 2457 iudices
1062 2428 1092 2458 et
1107 2417 1109 2468 ᾗ
1125 2425 1301 2458 relaxamus
1316 2452 1323 2465 ,
1353 2436 1417 2459 non
1441 2427 1542 2460 solum
1568 2427 1726 2471 praefato,
1758 2427 1810 2461 sed
1836 2433 1866 2462 et

350 2482 559 2522 exequutores
591 2476 667 2510 alias
691 2476 729 2510 ab
753 2477 863 2510 eodem
892 2477 1089 2512 sanctissimo
1107 2478 1109 2542 ζ
1124 2479 1211 2511 omni
1229 2479 1290 2512 alio
1316 2479 1438 2513 meliori
1463 2480 1567 2519 modo,
1585 2486 1641 2514 etc.
1660 2482 1702 2514 Ac
1719 2480 1757 2514 ad
1773 2482 1866 2516 maio-

386 2559 398 2585 1
415 2557 554 2585 Secundae
570 2557 674 2585 litterae
690 2556 842 2585 huiusmodi
858 2558 957 2586 desunt
971 2560 1011 2592 (R.
1027 2562 1076 2589 Τ.).
1106 2544 1109 2577 l
1125 2542 1190 2565 rem
1212 2531 1522 2574 demonsu'anonem'
1540 2533 1866 2580 abundammremque

385 2603 402 2630 2
417 2603 514 2638 Aptius
529 2603 665 2636 tegeretur
679 2611 715 2630 esc
729 2603 822 2630 attera
835 2604 969 2638 partibus
985 2605 1024 2636 (R.
1040 2605 1089 2638 in).
1125 2586 1289 2626 cautelam,
1304 2592 1334 2619 et
1352 2587 1489 2630 partium
1507 2598 1542 2620 ac
1556 2587 1690 2621 aliorum
1710 2589 1864 2627 notitiam,

386 2648 402 2675 3
418 2647 518 2676 Forsan
534 2649 611 2677 lectis
626 2652 672 2676 aut
687 2648 866 2677 examinatis
881 2648 987 2686 legend.
998 2649 1088 2684 (nm).
1106 2645 1188 2685 hll‘CS
1214 2640 1360 2674 modulos
1391 2641 1506 2686 caputii
1541 2642 1671 2686 praefati
1705 2647 1740 2676 ut
1770 2653 1865 2688 supra
