2248 3229
183 223 234 250 An.
249 223 279 250 G.
297 223 366 252 1635

202 868 316 890 Pecuniam
335 875 360 890 ex

176 896 233 916 dicta
276 896 358 922 gabetla

174 925 359 948 provenientemin

175 947 230 969 aluos
246 954 296 969 usus
311 955 360 970 con·

176 976 228 996 verti
243 978 307 996 vetat.

213 2252 347 2275 Praedtciam

159 2277 264 2304 gabeuam
297 2281 346 2303 aliis

158 2310 200 2326 nou
237 2309 346 2334 praeiudi—

159 2337 208 2353 care
223 2333 327 2356 declarat.

183 2517 302 2543 Clausulas.

990 235 1131 263 L'RBANUS
1156 239 1212 265 vlu
1235 241 1284 266 Pr.

381 283 458 306 usus
490 276 671 319 erogando,
701 279 759 312 sub
789 284 1120 320 excommunicationis

381 326 509 360 maioris
530 338 565 362 ac
586 331 769 373 privationis
789 334 985 379 dignitatum,
1007 338 1122 373 officio-

381 389 452 411 rum
478 386 507 412 et
533 381 759 417 beneficiorum
785 387 876 420 ctiam
897 391 1120 432 eeclesiastico-

379 443 450 465 rum
468 433 535 477 ipso
553 436 632 469 tacto
650 438 846 473 incurrendis
867 443 1002 486 poenis',
1021 456 1037 477 a
1055 446 1120 489 qui-

378 549 438 582 pro
455 544 598 584 tempore
615 543 766 578 existente
785 549 972 591 specialiter,
989 561 1051 584 non
1068 561 1119 584 au-

379 593 440 623 t'em
459 592 566 635 vigore
584 596 741 631 cruciatae
762 610 816 633 seu
837 602 964 636 alterius
982 603 1135 637 cuiusvisi

378 645 589 679 concessionis
606 653 657 681 aut
675 651 832 695 privilegii
849 655 887 687 ab
905 655 1014 688 eadem
1038 656 1117 690 Sede
1133 680 1135 687 .

375 706 434 739 pro
449 702 592 742 tempore
610 705 743 737 emanati
763 711 792 738 et
809 708 984 750 emanandi,
998 708 1116 742 absolvi

376 759 470 792 posse
495 751 712 797 declaramus,
745 759 871 793 solitum
902 766 1061 805 praestent
1084 762 1116 795 in

376 803 521 837 manibus
546 805 607 840 tuis
632 807 854 845 iuramentum.

420 856 434 899 ἓ
460 856 488 889 7.
511 857 642 903 Insuper
659 862 751 895 etiam
769 865 924 907 volumus,
949 866 1032 910 quod
1049 867 1115 912 qui-

375 919 509 953 cumque
534 912 584 944 alii
610 914 745 948 ministri
777 922 805 950 et
837 918 986 952 officiales
1015 921 1112 963 regii,

375 962 602 1008 cuiuscumque
619 967 817 1010 conditionis,
831 971 999 1013 qualitatis,
1016 978 1114 1006 status

374 1021 403 1048 et
427 1019 701 1061 praeeminentiae,
726 1022 916 1067 specialique
932 1027 1005 1058 nota
1027 1026 1112 1069 digni

373 1069 444 1110 sint,
469 1071 594 1104 easdem
619 1075 767 1116 pecunias
787 1075 819 1108 in
836 1080 900 1110 toto
915 1078 962 1111 vel
976 1078 1007 1112 in
1024 1085 1112 1123 parte

372 1122 404 1154 in
428 1123 517 1164 alios,
542 1136 635 1168 quam
649 1128 806 1170 praefatos
820 1140 904 1171 usuS‚
918 1131 976 1163 sub
993 1132 1111 1166 eisdem

372 1177 513 1211 censuris
538 1182 568 1212 et
590 1181 700 1222 poenis
720 1181 790 1226 ipso
815 1183 896 1217 sacto
913 1184 1111 1220 incurrendis

370 1236 554 1264 convertere
571 1242 633 1265 non
647 1234 767 1277 possint
776 1247 784 1276 ;
809 1237 955 1282 quodque
973 1239 1004 1271 in
1021 1250 1112 1274 even-

369 1288 436 1316 tum
467 1288 734 1322 contraventionis
769 1300 824 1323 seu
857 1291 1110 1328 inobservantiae

368 1338 509 1371 omnium
527 1345 557 1372 et
573 1340 771 1383 singulorum
797 1346 1043 1387 praemissorum
1061 1349 1109 1382 vel

369 1391 536 1424 cuiuslibet
568 1403 679 1427 eorum
710 1406 860 1439 praesens
888 1400 989 1441 gratia
1023 1401 1109 1434 nulla

368 1444 416 1485 sit,
440 1452 535 1489 prout
560 1446 644 1479 illam
670 1458 706 1481 ex
724 1459 817 1490 nunc,
836 1456 944 1485 tenore
960 1463 1109 1496 praesen-

368 1498 444 1531 tium
460 1526 467 1540 ,
499 1500 617 1532 nullam
643 1501 738 1535 fuisse
762 1508 792 1536 et
816 1515 883 1538 esse
898 1532 906 1546 ‚
938 1512 1104 1540 contrave-

365 1551 550 1595 nientesque
563 1553 600 1586 ad
615 1555 845 1590 restitutionem
867 1559 977 1600 teneri,
992 1565 1021 1593 et
1033 1571 1108 1594 non-

365 1604 424 1637 nisi
439 1605 518 1638 saeta
532 1606 644 1640 actuali
658 1608 856 1644 restitutione
871 1611 989 1645 absolvi
1003 1624 1106 1657 posse,

365 1657 510 1692 similiter
525 1659 722 1695 declaramus
735 1672 771 1696 ac
783 1663 877 1697 etiam
892 1665 1105 1709 decernimus;

365 1711 521 1755 quodque,
533 1714 682 1748 sexennio
695 1724 754 1758 per
764 1723 946 1760 praesentes
956 1730 1106 1755 concesso

365 1768 394 1796 et
418 1769 451 1796 ut
475 1766 652 1808 praefertur
679 1770 891 1812 computando
924 1772 1050 1816 elapso,
1077 1778 1106 1808 et

364 1815 490 1849 interim
504 1818 529 1850 si
541 1820 697 1862 praefatae
721 1831 863 1856 summae
880 1831 974 1858 erunt
985 1827 1105 1861 solutae

364 1881 419 1904 seu
444 1878 581 1914 exactae,
606 1875 733 1908 eaedem
758 1883 941 1921 praesentes
962 1881 1103 1925 expirent

364 1923 508 1958 similiter
532 1936 569 1959 eo
594 1926 672 1970 ipso,
690 1939 757 1969 nec,
782 1931 839 1963 sub
863 1931 1003 1967 eiusdem
1028 1945 1101 1968 cen-

362 1977 445 2010 suris
462 1984 489 2011 et
507 1980 617 2022 poenis
638 1981 704 2025 ipso
724 1983 805 2016 sacto
823 1986 1032 2028 incurrendis,
1053 1999 1103 2032 ga-

361 2028 462 2063 bellae
486 2034 644 2075 praelatae
670 2034 802 2068 ulterius
827 2037 926 2080 exigi,
959 2039 1102 2075 minusve

362 2093 456 2127 super
480 2085 524 2118 eis
548 2086 674 2130 aliquod
699 2099 788 2130 onus,
812 2092 999 2133 praesertim
1020 2094 1102 2127 ultra

361 2138 535 2181 praefatum
551 2144 674 2185 tempus
693 2142 891 2186 duraturum,
908 2145 1026 2190 imponi
1044 2159 1102 2181 un-

361 2201 455 2234 quam
478 2194 587 2237 possit.

405 2245 420 2288 g
444 2245 472 2279 8.
500 2247 557 2279 Per
581 2255 762 2291 praesentes
787 2257 890 2285 autem
917 2263 979 2287 non
1004 2254 1100 2289 inten-

360 2298 463 2332 dimus
488 2300 680 2344 impositioni
698 2303 772 2337 alias
786 2316 844 2349 per
861 2308 1003 2341 eamdem
1029 2310 1100 2343 civi-

360 2357 453 2385 tatem
469 2352 742 2398 L'lyssiponensem
758 2368 817 2401 pro
833 2358 1003 2394 derivanda
1017 2366 1098 2406 aqua

359 2405 456 2439 sactae
481 2412 511 2439 et
535 2418 591 2451 per
615 2419 672 2443 nos
697 2411 900 2446 confirmatae
930 2414 960 2446 in
992 2416 1097 2460 aliquo

357 2459 584 2503 praeiudicare.

401 2513 416 2556 ἓ
441 2513 470 2546 9.
500 2514 717 2559 Dec-eruentes,
742 2518 786 2551 sic
811 2522 840 2553 et
864 2530 927 2554 non
951 2522 1042 2557 aliter
1065 2524 1096 2557 in

355 2567 537 2611 praemissis
561 2570 707 2604 omnibus
727 2577 758 2604 et
777 2573 908 2617 singulis
930 2587 988 2620 per
1004 2589 1096 2622 quos-

392 2631 402 2657 1
420 2630 519 2657 Vocem
533 2633 635 2665 poenis
650 2641 698 2660 nos
713 2633 837 2663 addimus
851 2637 888 2671 (n.
905 2639 952 2672 τ.).

435 2684 514 2714 Bull-
535 2686 618 2714 Rom.
662 2687 722 2717 Vol.
743 2688 816 2719 XIV.
981 2692 1015 2721 64

1156 299 1292 334 cumque
1317 290 1435 326 iudices
1456 294 1632 330 ordinarios
1657 302 1687 331 et
1710 297 1891 343 delegatos,

1154 342 1246 375 etiam
1279 354 1444 378 causarum
1476 348 1582 390 palatii
1613 350 1777 394 apostolici
1801 352 1891 386 audi-

1155 400 1248 438 tores,
1269 406 1305 430 ac
1329 404 1454 432 sanctae
1478 400 1637 436 Romanae
1653 403 1811 438 Ecclesiae
1829 416 1894 440 car-

378 484 398 518 h
672 491 689 522 b
809 494 818 527 l
970 497 992 530 P
1060 498 1079 530 s
1134 479 1136 502 1,
1153 447 1281 489 dinales,
1307 450 1400 483 etiam
1414 452 1452 485 de
1466 453 1562 487 latere
1579 455 1699 498 legatos
1713 462 1743 491 et
1755 458 1892 500 nuntios,

403 496 437 518 us
453 488 576 521 nonnisi
594 499 610 521 a
626 499 667 523 no
694 491 718 523 is
737 503 791 525 scu
821 496 949 530 {emano
994 498 1056 531 onti
1072 509 1118 532 ice

1153 501 1262 544 quavis
1285 504 1470 538 auctoritate
1493 507 1677 550 fungentes,
1701 511 1824 545 sublata
1847 513 1893 546 eis

1152 559 1182 586 et
1206 565 1316 588 eorum
1342 557 1469 591 cuilibet
1493 561 1601 603 quavis
1621 563 1711 596 aliter
1733 565 1891 600 iudicandi

1151 611 1181 639 et
1212 607 1438 653 interpretandi
1462 611 1607 647 facultate
1631 619 1660 649 et
1683 618 1890 660 auctoritate,

1151 659 1282 694 iudicari
1307 667 1337 695 et
1360 663 1484 697 definiri
1509 665 1636 707 debere,
1662 678 1698 701 ac
1717 669 1844 704 irritum
1861 678 1892 705 et

1150 712 1251 754 inane,
1266 714 1292 747 si
1309 715 1384 758 quid
1402 727 1491 751 secus
1507 728 1603 763 super
1620 720 1669 754 his
1685 731 1703 754 a
1719 734 1890 767 quoquam,

1150 767 1259 809 quavis
1273 769 1468 811 auctoritate,
1484 771 1620 807 scienter
1633 775 1681 808 vel
1694 775 1888 819 ignoranter,

1149 819 1318 863 eontigerit
1342 824 1496 857 attentari.

1192 872 1207 915 ἓ
1227 872 1278 906 10.
1304 874 1372 908 Non
1392 876 1588 912 obstantibus
1607 881 1788 925 apostolicis
1804 893 1840 917 ac
1857 884 1888 917 in

1147 923 1388 969 universalibus,
1413 929 1723 977 provincialibusque
1746 936 1888 970 conciliis

1147 975 1247 1017 editis,
1267 979 1468 1020 generalibus
1490 983 1537 1016 vel
1558 985 1755 1029 specialibus,
1773 989 1889 1022 consti-

1147 1029 1322 1064 tutionibus
1335 1036 1365 1066 et
1377 1033 1639 1079 ordinationibus,
1654 1049 1690 1072 ac
1703 1042 1887 1083 quorumvis

1145 1082 1224 1124 aliis,
1238 1084 1331 1118 etiam
1344 1086 1532 1131 iuramento,
1557 1091 1797 1128 confirmatione
1811 1106 1886 1140 apo-

1145 1137 1267 1179 stolica,
1285 1140 1333 1172 vel
1350 1143 1459 1184 quavis
1478 1143 1626 1178 firmitate
1643 1146 1704 1179 alia
1719 1147 1885 1191 roboratis,

1145 1191 1268 1224 statutis
1282 1197 1313 1225 et
1326 1196 1797 1244 consuetudinibus,privilegiis
1812 1212 1887 1245 quo-

1144 1253 1222 1286 quc,
1247 1244 1375 1278 indultis
1406 1253 1436 1280 et
1466 1248 1578 1283 litteris
1601 1252 1803 1296 apostolicis,
1828 1256 1885 1289 sub

1143 1296 1396 1342 quibuscumque
1408 1302 1571 1336 tenoribus
1585 1309 1615 1337 et
1631 1304 1752 1347 formis,
1764 1317 1800 1340 ac
1812 1318 1884 1342 cum

1143 1349 1332 1393 quibusvis¹‚
1345 1352 1378 1385 in
1390 1363 1506 1396 genere
1520 1356 1568 1390 vel
1585 1356 1616 1390 in
1629 1358 1745 1402 specie,
1758 1370 1794 1393 ac
1809 1361 1885 1395 alias

1143 1403 1174 1436 in
1191 1405 1385 1438 contrarium
1403 1409 1819 1455 quomodolibetconcessis‚
1835 1425 1885 1459 ap-

1142 1457 1293 1501 probatis,
1316 1460 1511 1496 confirmatis
1533 1469 1564 1496 et
1586 1464 1758 1507 innovatis,
1782 1468 1885 1501 omni-

1142 1509 1265 1554 busque
1289 1511 1362 1554 illis,
1386 1524 1467 1557 quae
1492 1515 1524 1548 in
1539 1516 1651 1551 litteris
1670 1519 1820 1562 praefatis
1834 1531 1884 1555 vo-

1142 1562 1258 1596 luimus
1281 1574 1344 1598 non
1369 1566 1494 1601 obstare
1503 1579 1511 1608 ;
1537 1570 1652 1613 quibus
1675 1572 1822 1607 omnibus
1853 1580 1884 1608 et

1141 1615 1291 1660 singulis,
1317 1618 1456 1661 etiamsi,
1480 1631 1540 1665 pro
1564 1622 1692 1657 illorum
1716 1625 1882 1661 sufficienti

1141 1669 1355 1714 derogatione,
1373 1673 1411 1707 de
1428 1674 1489 1708 illis
1511 1686 1685 1722 eorumque
1709 1678 1782 1713 totis
1798 1685 1882 1716 teno-

1140 1722 1228 1756 ribus
1253 1725 1406 1768 specialis,
1431 1728 1594 1771 specifica,
1619 1740 1767 1774 expressa
1786 1737 1816 1767 et
1834 1733 1881 1767 in—

1139 1776 1265 1811 dividua
1288 1789 1324 1812 ac
1348 1779 1387 1814 de
1406 1782 1504 1816 verbo
1525 1783 1565 1816 ad
1588 1784 1734 1827 verbum,
1751 1796 1815 1820 non
1831 1798 1882 1821 au-

1139 1834 1202 1863 tem
1219 1841 1277 1875 per
1297 1832 1452 1868 clausulas
1470 1837 1636 1879 generales
1659 1838 1743 1873 idem
1767 1839 1882 1885 impor-

1139 1888 1238 1918 tantes
1251 1912 1259 1925 ‚
1280 1886 1398 1920 mentio
1418 1892 1472 1926 aut
1491 1890 1620 1934 quaevis
1639 1891 1700 1924 alia
1720 1895 1880 1937 expressio

1139 1936 1283 1971 habenda
1307 1944 1361 1972 aut
1384 1940 1488 1985 aliqua
1511 1943 1572 1976 alia
1598 1944 1751 1988 exquisita
1778 1946 1880 1981 forma

1137 1989 1176 2022 ad
1200 1990 1261 2024 hoc
1289 1994 1441 2027 servanda
1470 1995 1568 2037 foret,
1598 1997 1725 2032 illorum
1754 2004 1878 2035 tenores

1136 2046 1354 2086 praesentibus
1378 2058 1437 2091 pro
1462 2049 1554 2093 plene
1573 2055 1603 2083 et
1622 2052 1814 2088 sufficienter
1830 2065 1878 2090 ex-

1137 2097 1254 2139 pressis
1278 2108 1313 2132 ac
1338 2100 1376 2133 ad
1401 2101 1531 2135 verbum
1556 2103 1682 2138 insertis
1705 2106 1875 2152 habentes,

1136 2149 1196 2182 illis
1216 2151 1291 2184 alias
1311 2152 1343 2185 in
1367 2163 1424 2187 suo
1450 2155 1566 2189 robore
1589 2161 1815 2204 permansuris,
1837 2162 1875 2196 ad

1134 2204 1381 2246 praemissorum
1391 2207 1547 2251 effectum,
1558 2210 1617 2244 hae
1630 2211 1698 2246 vice
1716 2213 1876 2249 dumtaxat

1134 2257 1312 2300 specialiter
1336 2264 1366 2292 et
1390 2271 1538 2305 expresse
1563 2263 1770 2308 derogamus3
1796 2273 1874 2303 cete-

1133 2309 1240 2353 risque
1263 2313 1430 2347 contrariis
1454 2315 1716 2362 quibuscumque.

1176 2363 1287 2398 Datum
1312 2367 1439 2410 Romae,
1465 2370 1547 2414 apud
1571 2371 1599 2405 S.
1628 2373 1756 2407 Mariam
1779 2374 1873 2410 Maio-

1132 2427 1209 2460 rem,
1228 2419 1286 2451 sub
1306 2422 1422 2456 annulo
1440 2423 1617 2467 Piscatoris,
1630 2427 1680 2460 die
1693 2438 1734 2462 xx
1747 2438 1872 2464 novem-

1131 2471 1196 2504 bris
1209 2481 1368 2517 uncxxxv,
1381 2476 1582 2519 pontificatus
1595 2481 1695 2514 nostri
1708 2491 1790 2517 anno
1804 2493 1869 2519 xm.

1166 2543 1227 2570 Dat.
1243 2543 1287 2572 die
1302 2544 1337 2574 20
1351 2547 1505 2576 novembris
1522 2549 1600 2583 1635,
1614 2552 1706 2587 pontif.
1725 2561 1795 2583 anno
1810 2562 1868 2584 x111.

1166 2641 1176 2667 1
1194 2639 1295 2678 Nempe
1309 2643 1447 2674 clausulis
1461 2649 1488 2675 et
1505 2647 1625 2678 decretis
1639 2652 1677 2686 (n.
1693 2652 1740 2688 τ.).

1797 243 1861 278 505
1907 255 1959 283 An.
1975 254 2003 283 c.
2020 255 2090 286 ¹685

1942 897 2037 925 Derogat
2050 899 2087 921 oh·

1903 925 2015 946 stantibus.
