2226 3235
81 244 132 272 An.
153 243 182 272 C.
199 243 270 272 1629

168 2170 246 2192 Paulus
262 2170 278 2190 V

96 2198 214 2219 Alexandro
224 2198 280 2218 Mon-

96 2226 150 2245 talto
187 2226 281 2245 commit-

96 2252 122 2272 tit
149 2251 282 2272 reformatio-

96 2284 143 2299 nem
160 2280 280 2299 monasterii

96 2306 164 2325 sancti
186 2305 282 2326 Salvato-

98 2331 128 2352 ris
141 2331 236 2353 Maioris.

888 244 1030 269 URBANUS

280 291 410 325 missum
436 291 578 325 assiduos
597 302 654 325 nos
673 292 838 336 invigilare
862 293 1017 335 convenit,

279 345 353 378 satis
378 345 600 388 comperimus,
629 351 779 389 quantum
805 357 840 379 ex
866 351 1020 379 monaste-

280 398 335 431 riis
355 398 485 442 aliisque
506 399 708 441 regularibus
730 399 806 432 locis
824 400 873 442 pie
897 400 1018 433 institu-
1036 416 1038 448 g

280 452 319 484 tis
338 458 367 484 et
395 458 478 485 recte
502 452 727 485 administratis
754 454 785 485 in
806 453 944 486 Ecclesia
964 452 1018 485 Dei

281 505 457 549 splendoris
481 511 574 549 atque
599 506 740 540 utilitatis
765 507 900 547 oriatur,
925 502 1039 550 quan-2

281 563 346 590 tum
361 569 486 602 quoque
501 559 655 601 regularis
671 556 853 603 disciplinae
870 558 1019 592 relaxatio

280 612 464 655 perfectioni
500 613 697 655 evangelicae
711 640 718 653 ,
751 623 844 656 quam
880 612 1020 646 Christus

281 664 432 698 Dominus
455 671 563 698 noster
579 676 595 698 a
616 666 681 699 suis
699 667 849 700 ministris
869 672 899 699 et
915 666 1021 698 dome-

283 718 359 751 stico
377 719 465 761 quasi
482 719 549 752 eius
565 719 715 763 obsequio
733 720 899 763 adscriptis
916 723 1021 752 exacte
1038 737 1040 750 t

283 772 425 815 requirit,
450 772 643 815 adversetur,
669 779 762 817 atque
786 772 946 806 charitatis
965 763 1041 805 ser-⁵

283 835 389 858 vorem
406 831 560 867 extenuet,
577 827 763 870 virtutisque
780 826 878 859 robur
891 825 944 859 ao¹
959 830 1022 858 stu—

283 877 370 911 dium
390 879 516 918 adimat;
530 879 742 923 perindeque²
756 879 944 912 restitutioni
961 878 1023 922 pri·
1040 914 1041 925 γ

284 932 381 965 stinae
390 932 571 977 disciplinae
580 932 877 976 1·egularis‚quando
886 933 1023 976 collapsa

1054 245 1110 268 vm
1134 245 1181 268 PP.

1054 292 1244 325 monasterio
1273 292 1301 325 S.
1329 291 1497 325 Salvatoris
1522 291 1646 324 Maioris
1674 302 1794 324 nuncu—

1055 346 1117 389 pati
1139 345 1263 379 Ordinis
1288 346 1384 379 sancti
1409 344 1576 386 Benedicti,
1602 345 1793 378 monasterio

1054 398 1085 431 B.
1107 399 1220 432 Mariae
1240 399 1396 431 Fart'cnsis
1420 398 1559 432 eiusdem
1581 398 1705 432 Ordinis
1730 399 1795 431 nul-

1054 452 1113 484 lius
1136 452 1288 485 dioecesis
1315 453 1345 485 in
1370 452 1512 486 districtu
1529 452 1621 485 Urbis
1642 456 1794 496 perpetuo

1054 505 1203 538 canonice
1227 506 1315 538 unito
1332 506 1425 550 (quae
1445 506 1604 549 praefatus
1621 505 1795 538 Alexander

1055 558 1222 602 episcopus
1247 564 1276 591 et
1300 559 1472 592 cardinalis
1497 559 1528 592 in
1553 559 1771 592 commendam
1787 586 1794 598 ,

1055 612 1092 644 ad
1116 613 1163 645 sui
1183 612 1288 653 xitam,
1306 624 1344 646 ex
1364 613 1566 646 concessione
1587 619 1616 646 et
1640 613 1796 657 dispensa—

1056 665 1139 698 tione
1166 666 1339 709 apostolica
1368 670 1439 700 tunc
1466 667 1609 699 obtinere
1637 667 1795 709 asseruit),

1055 728 1178 751 necnon
1202 719 1231 752 S.
1251 719 1405 752 Victoriae
1423 719 1562 752 eiusdem
1583 720 1611 753 S.
1632 719 1795 759 Victoriae,

1057 777 1085 803 et
1098 772 1126 805 S.
1142 772 1225 804 Petri
1239 772 1276 805 de
1291 772 1406 813 Fascis,
1421 783 1455 805 ac
1472 773 1610 805 eiusdem
1626 773 1656 805 B.
1672 773 1795 813 Mariae,

1056 825 1132 858 alias
1145 825 1173 858 S.
1188 826 1346 858 Laurentii
1361 825 1399 859 de
1411 826 1550 866 Rotellis,
1564 836 1685 859 necnon
1699 827 1728 860 S.
1740 827 1798 859 An-

1057 878 1118 921 geli
1143 878 1180 911 de
1198 879 1402 922 Montelparo,
1420 884 1450 912 et
1469 872 1608 912 eiusdem
1635 880 1663 911 S
1684 879 1796 912 Mariae

1057 931 1193 965 Cillanae
1217 932 1255 965 de
1279 928 1396 973 Monte,
1421 933 1551 966 noxem¹
1576 933 1719 966 locorum
1744 944 1797 966 seu

285 992 341 1026 est,
355 986 501 1020 solertius
514 993 606 1030 atque
624 987 803 1030 vigilantius
821 986 1021 1019 intendimus:
1040 978 1042 1038 Ξ
1058 986 1259 1029 oppidorum,
1272 986 1416 1020 similiter
1428 987 1555 1027 nullius,
1566 997 1620 1019 seu
1633 987 1797 1020 Firmanae

285 1040 340 1072 sed
364 1040 417 1073 ubi
441 1041 612 1084 pertinacia
644 1040 754 1073 durius
778 1046 968 1084 perseverat,
994 1046 1024 1073 et
1041 1050 1092 1081 1ac
1110 1039 1276 1073 Montisalti
1298 1040 1471 1084 respective
1490 1040 1668 1073 dioecesum
1679 1039 1699 1080 ⁴³,
1717 1041 1799 1084 prio-

286 1094 440 1136 regularis
457 1095 518 1127 rita
541 1094 674 1127 inaniter
690 1100 720 1127 et
737 1099 886 1127 oretenus
905 1098 1022 1128 tantum
1041 1093 1179 1135 ,ratibus
1207 1094 1465 1127 conventualibus
1495 1094 1634 1127 eiusdem
1663 1094 1797 1136 Ordinis,

285 1146 429 1187 iactatur,
454 1147 699 1180 substantialiter
724 1152 827 1180 autem
858 1158 922 1180 non
950 1137 1075 1187 satisfa
1096 1147 1287 1191 primodicto
1312 1147 1503 1180 monasterio
1532 1147 1798 1191 dependentibus,

285 1200 482 1241 observatur,
501 1205 648 1245 certaque
674 1201 704 1233 in
729 1201 841 1234 melius
866 1201 1024 1234 reforma·
1041 1188 1044 1250 ζ
1061 1201 1120 1233 iam
1146 1200 1264 1233 dudum
1299 1201 1437 1244 collapsa
1464 1206 1547 1242 erat,
1574 1201 1655 1233 idem
1685 1201 1799 1234 Paulus

287 1253 380 1286 tionis
403 1265 474 1298 spes
498 1255 561 1287 iam
585 1255 671 1287 nulla
699 1259 751 1288 aut
780 1255 904 1288 modica
936 1265 1025 1298 expe-
1042 1283 1043 1288 ,
1060 1254 1454 1297 praedecessorpraediclo
1466 1254 1799 1298 Alexandroepiscopo

287 1312 398 1348 ctatur,
417 1318 475 1351 pro
499 1312 651 1351 potestate
670 1308 761 1341 nobis
778 1320 795 1341 a
815 1309 947 1342 Domino
967 1312 1026 1342 tra·
1042 1311 1044 1353 ζ
1060 1313 1087 1340 et
1109 1307 1259 1339 cardinali
1281 1307 1411 1340 dilectos
1436 1307 1517 1340 filios
1542 1308 1713 1341 monachos
1735 1309 1799 1352 pri-

287 1359 361 1401 dita,
376 1361 536 1404 regulares
553 1362 637 1405 ipsos
650 1373 667 1394 a
680 1362 878 1394 monasteriis
895 1368 925 1395 et
938 1362 1025 1402 locis,
1061 1361 1188 1394 modicti
1210 1361 1390 1393 monasterii
1416 1372 1451 1394 ac
1476 1361 1674 1404 prioratuum
1695 1362 1800 1395 huius-

287 1413 341 1446 ubi
365 1415 492 1457 segnius
517 1421 609 1459 atque
637 1416 778 1458 ignavius
803 1416 895 1449 otiosi
919 1422 1026 1460 torpe·
1043 1434 1045 1471 j
1061 1414 1145 1447 modi
1171 1415 1264 1457 vulgo
1289 1415 1488 1448 Berreltantz'
1512 1425 1530 1447 a
1552 1415 1645 1447 Bireti
1664 1416 1702 1448 de
1727 1416 1801 1449 Lao-

289 1472 388 1509 scunt,
402 1468 514 1502 merito
530 1480 737 1510 removemus,
751 1480 848 1502 novos
863 1470 1027 1513 operarios
1043 1480 1045 1529 ¹
1060 1468 1148 1501 nensi
1171 1473 1377 1511 nuncupatos,
1397 1468 1489 1499 xitam
1507 1468 1659 1501 laxiorem
1677 1474 1706 1501 et
1724 1469 1799 1502 libe-

289 1521 321 1553 in
334 1532 445 1564 agrum
456 1523 578 1555 Domini
592 1523 794 1563 destinamus,
805 1533 840 1555 ac
854 1529 1026 1566 postremo,
1043 1532 1045 1561 l
1061 1523 1178 1555 riorem
1211 1533 1246 1555 ac
1275 1533 1291 1554 a
1322 1527 1402 1554 statu
1428 1522 1604 1554 monachali
1628 1522 1800 1555 admodum

289 1585 347 1617 pro
359 1576 526 1618 pastoralis
540 1576 634 1609 officii
646 1577 745 1609 nostri
761 1576 979 1617 sollicitudine,
990 1576 1028 1609 ad
1044 1579 1045 1609 l
1061 1575 1194 1608 alienam
1219 1580 1293 1608 tunc
1318 1580 1460 1618 agentes,
1487 1576 1678 1608 reformandi
1704 1576 1800 1609 licen-

289 1627 349 1660 hoc
368 1633 402 1660 ut
421 1628 668 1661 adolescentium
689 1629 837 1672 (quorum
862 1629 962 1673 proba
986 1629 1029 1662 in-
1044 1638 1046 1652 ῑ
1064 1629 1137 1661 tiam
1167 1633 1196 1661 et
1224 1628 1404 1661 facultatem
1437 1629 1608 1669 concessit,
1637 1629 1801 1673 eidemque

289 1680 376 1714 doles
397 1687 426 1715 et
445 1682 587 1715 voluntas
611 1693 736 1726 semper
759 1683 893 1717 afficiat·
913 1694 966 1716 eos
983 1694 1030 1717 ec·
1044 1657 1047 1743 i
1063 1681 1239 1715 Alexandro
1254 1682 1403 1725 episcopo
1418 1687 1445 1714 et
1461 1681 1620 1723 cardinali,
1634 1688 1667 1715 ut
1682 1683 1801 1716 eisdem

290 1735 471 1768 clesiasticis
491 1735 672 1768 ministeriis
689 1735 798 1769 sedulo
815 1740 967 1780 perpetuo
984 1737 1030 1769 in·
1045 1748 1047 1803 Ἰ
1063 1735 1237 1777 monachis,
1259 1735 1312 1778 qui
1338 1735 1596 1768 reformationem
1622 1736 1801 1769 huiusmodi

291 1788 477 1831 servituros)
502 1795 588 1821 recte
618 1789 798 1823 instituatur
827 1795 930 1832 aetas,
955 1794 984 1824 et
1013 1801 1031 1823 a
1064 1789 1210 1833 amplecti
1230 1795 1423 1829 recusarent,
1441 1795 1605 1832 postquam
1624 1790 1684 1822 illis
1701 1801 1737 1823 ex
1756 1801 1804 1823 eo-

292 1841 407 1874 teneris
435 1842 524 1874 annis
550 1842 588 1874 ad
612 1842 759 1885 pietatem
786 1847 815 1875 et
841 1829 1209 1885 religionemfrumdem
1239 1842 1439 1885 prioratuum
1469 1842 1643 1875 redditibus
1667 1843 1705 1876 de
1730 1854 1804 1877 con-

292 1895 488 1937 informetur,
502 1897 648 1930 attentius
663 1897 878 1940 providemus,
893 1898 1030 1941 aliasque
1047 1889 1049 1932 53
1065 1898 1145 1938 grua
1158 1895 1383 1928 sustentatione
1403 1895 1603 1939 providisset,
1621 1897 1652 1928 in
1665 1897 1803 1940 propriis

292 1949 428 1993 desuper
447 1950 644 1993 disponimus
665 1955 694 1984 et
711 1951 906 1991 ordinamus,
926 1957 1030 1995 prout,
1048 1942 1049 1974 l
1065 1949 1228 1990 domibus,
1253 1949 1363 1981 habitu
1391 1954 1495 1982 tamen
1519 1950 1658 1992 regulari
1684 1954 1804 1984 secreto

292 2014 411 2044 rerum,
436 2014 645 2047 personarum
671 2009 700 2037 et
725 2008 904 2048 temporum
930 2006 1031 2048 quali·
1067 2007 1197 2043 retento,
1222 2003 1279 2035 sub
1300 2002 1455 2036 Ordinarii
1476 2003 1537 2035 loci
1558 2003 1736 2036 obedientia
1756 2003 1805 2036 de-

292 2056 407 2089 tatibus
419 2056 522 2090 debite
536 2057 682 2101 pensatis,
699 2057 909 2101 conspicimus
926 2058 958 2090 in
974 2059 1033 2092 Do·
1048 2096 1050 2103 A
1066 2056 1160 2098 gendi
1184 2057 1277 2090 etiam
1300 2056 1457 2089 licentiam
1483 2056 1655 2090 concedere
1680 2062 1803 2101 posset,

294 2111 380 2143 mino
400 2111 568 2145 salubriter
593 2111 748 2155 expedire.
1048 2105 1050 2143 Ι
1067 2109 1204 2143 indulsit.

340 2165 356 2206 ξ
381 2164 411 2196 l.
436 2164 525 2204 Sane,
543 2175 617 2197 cum
635 2165 710 2197 alias
734 2165 835 2198 bonae
860 2155 1051 2213 memoriae:
1111 2164 1125 2207 ξ
1150 2163 1178 2196 9..
1203 2163 1239 2196 Et
1268 2162 1399 2196 subinde
1424 2164 1494 2206 (per
1523 2162 1641 2196 dictum
1672 2164 1803 2197 Paulum

295 2217 471 2251 Alexander
500 2219 665 2262 episcopus
696 2219 879 2252 ,albanensis
909 2225 1033 2253 sanctae
1049 2216 1051 2248 l
1067 2217 1342 2261 praedecessorem
1356 2223 1496 2261 accepto,
1510 2217 1594 2261 quod
1610 2218 1751 2251 nonnulli
1767 2229 1804 2251 ex

297 2271 454 2304 Romanae
485 2272 641 2305 Ecclesiae
670 2273 836 2306 cardinalis
868 2273 1034 2306 Montaltus
1049 2257 1052 2330 ἶ
1068 2271 1237 2315 praedictis
1254 2271 1416 2304 monacbis
1432 2271 1687 2304 reformationem
1706 2271 1803 2314 ipsam

296 2330 495 2369 nuncupatus
509 2325 606 2359 felicis
625 2326 852 2360 recordationis
869 2327 965 2360 Paulo
982 2327 1035 2360 Pa—
1051 2332 1052 2337 ¹
1069 2325 1173 2358 subire
1196 2325 1349 2365 nolentes,
1370 2325 1442 2358 data
1467 2325 1510 2358 eis
1534 2325 1566 2357 in
1591 2325 1652 2357 xim
1675 2325 1802 2369 praedi-

296 2389 355 2423 pae
380 2379 402 2411 V
425 2379 660 2423 praedecessori
688 2384 797 2414 nostro
830 2381 1033 2424 exposuisset,
1051 2348 1053 2425 i
1069 2378 1109 2411 cti
1137 2378 1249 2410 indulti
1274 2384 1360 2410 extra
1388 2378 1614 2412 monasterium
1641 2378 1669 2410 S.
1702 2378 1806 2411 Salva-

297 2432 381 2475 quod
405 2432 559 2475 regularis
583 2432 765 2477 disciplinae
785 2434 984 2468 observantia
1003 2434 1034 2468 in
1051 2427 1053 2458 l
1071 2431 1146 2465 toris
1162 2437 1191 2464 et
1208 2431 1367 2475 prioratus
1392 2431 1572 2465 huiusmodi
1591 2431 1807 2464 commorandi

404 2522 409 2527 ,
493 2522 498 2527 ,
593 2522 598 2527 ,
1070 2485 1204 2527 licentia,
1230 2485 1262 2517 in
1285 2485 1396 2518 domos
1422 2496 1503 2526 suas,
1529 2495 1584 2518 seu
1609 2485 1640 2517 in
1665 2485 1806 2518 seculum

333 2524 345 2548 1
362 2521 431 2549 Edit.
448 2522 529 2549 Mam.
546 2522 611 2558 legit
625 2523 663 2550 ad
676 2524 714 2558 (R.
730 2524 779 2559 τ.).

332 2566 350 2593 2
364 2566 464 2594 Forsan
479 2567 622 2603 legendum
633 2568 814 2603 proindeque
828 2569 868 2602 (R.
884 2569 931 2603 ¹12).
1106 2569 1116 2594 1
1135 2565 1183 2593 Vix
1198 2569 1243 2593 aut
1257 2574 1292 2593 ne
1313 2565 1354 2592 vix
1371 2565 1482 2601 quidem
1497 2565 1524 2592 in
1537 2565 1692 2601 praemissis
1706 2573 1806 2593 novem

333 2611 350 2638 3
365 2611 482 2639 Verbum
498 2613 607 2647 afficiat
622 2620 675 2640 non
687 2617 777 2647 aptum
790 2612 909 2646 videtum
926 2617 989 2649 puto
1001 2614 1036 2641 le·
1068 2613 1127 2639 loca
1141 2619 1286 2639 numerare
1302 2611 1376 2638 valeo
1391 2614 1431 2645 (R.
1447 2613 1495 2643 Τ.).

297 2657 415 2693 gendum
427 2666 506 2693 spem
517 2658 688 2693 afferalloco
699 2665 812 2693 semper
821 2658 930 2694 afficiat
941 2658 1034 2694 (nm).
1103 2658 1120 2685 2
1134 2657 1204 2685 Edit.
1219 2656 1299 2685 Main.
1315 2656 1380 2692 legit
1394 2656 1527 2685 dioecesis
1540 2657 1580 2692 (R.
1596 2656 1645 2692 τ,).

1716 233 1757 266 85
1803 243 1851 270 An.
1872 243 1899 270 c.
1924 243 1991 271 1629

1821 2172 1848 2191 Ac
1861 2169 1938 2190 deinde
1951 2168 2004 2189 Con-

1821 2200 1936 2222 gregatmnt
1955 2195 2003 2216 Cas-

1820 2224 1897 2244 smensi
1913 2224 1964 2243 unit.
