2248 3229
874 216 969 240 INDEX
994 215 1124 240 ncnnch
1131 215 1194 240 nui

259 265 461 301 cDLxxvu.
484 267 686 302 Confirmatio
716 269 924 314 quarumdam
939 270 1003 303 dis-
1025 286 1027 307 i

346 321 613 356 membrationum
627 332 663 356 ac
678 324 831 356 unionum
845 332 1003 356 commen-
1026 323 1027 366 ξ

347 375 458 409 darum
494 375 622 420 linguae
652 376 804 410 Franciae
838 370 1028 420 hospitalisv

346 431 448 462 sancti
466 429 594 463 loannis
616 430 908 473 Hierosolymitani‚
929 431 1001 464 371.
1026 438 1029 474 l

259 479 478 515 CDLxxvltl.
505 482 653 517 Prohibet
685 486 855 528 quominus
888 478 1029 518 milites}

348 533 479 568 Militiae
500 535 698 570 Christianae
721 547 760 571 ex
779 539 911 570 aerariis
925 539 1004 571 eius-

350 588 424 622 dem
445 589 576 622 militiac
593 592 756 633 pecunias,
773 592 885 623 ioealia
899 595 928 624 et
944 590 1004 624 alia

346 640 430 675 hona
462 643 562 685 ipsius
595 643 724 676 Militiae
758 643 879 688 absque
913 644 1004 677 Sedis

350 694 552 738 Apostolicae
585 696 712 730 lieentia
738 699 920 742 accipiant.
947 706 1004 730 cx-

350 749 496 790 trahant,
515 754 592 789 cte.,
620 750 693 783 373.

260 798 444 835 CDLxxtx.
456 802 526 835 Com
533 805 640 836 missio
650 813 666 836 n
673 805 765 837 uncio
779 803 874 848 Hispa
881 805 1004 838 niarnm

350 857 552 899 utsigniticet
565 858 781 890 commissario
795 859 953 891 cruciatae
970 867 1004 891 se
1028 871 1029 880 ¹

349 909 1002 954 grax·assecleru1nCastellaectLegionis.

348 961 454 1005 ipsum
479 962 623 1004 cogendo
647 963 706 996 sub
732 965 879 997 censuris
899 964 938 996 ad
956 974 1005 996 so-

349 1012 502 1048 lutionem
528 1017 674 1049 excusati
691 1020 760 1058 post
779 1016 902 1059 lapsum
917 1017 1005 1060 qnin-

349 1070 481 1112 qucnnii
495 1068 684 1102 concordiae
703 1068 843 1112 desuper
860 1071 956 1103 initae
975 1074 1005 1103 et
1028 1099 1029 1117 ζ

349 1129 367 1154 a
391 1120 508 1154 Sancta
531 1121 614 1155 Sede
640 1123 855 1163 confirmatae,
881 1123 959 1156 ibid.

261 1171 433 1207 cmxxx.
458 1174 642 1207 Commissio
679 1176 783 1209 eidem
810 1178 946 1218 nuncio,
972 1182 1004 1210 ut

350 1230 476 1261 moneat
497 1227 645 1261 eumdem
661 1231 917 1264 commissarium
933 1240 1005 1264 cru-

349 1281 461 1322 ciatae,
488 1290 527 1314 ne
553 1281 658 1315 officia
684 1285 896 1317 notariatuum
926 1294 1005 1318 cru—

350 1334 468 1376 ciatae,
493 1333 630 1368 subsidii
661 1339 691 1368 et
709 1338 853 1370 excusati
872 1337 1003 1378 vendat,

351 1386 426 1420 375.

261 1438 444 1474 CDLxxxL
468 1440 680 1475 Committitur
700 1443 817 1476 nuncio
842 1442 1003 1484 Franciae,

351 1497 385 1527 ut
419 1493 562 1527 absolvat
605 1494 720 1528 ducem
760 1495 799 1528 de
838 1495 1003 1538 Espernon

350 1548 486 1591 eiusque
512 1548 674 1582 ministros
700 1548 738 1581 ad
766 1552 901 1591 tempus,
932 1559 1004 1582 cum

350 1600 577 1637 reincidentia,
603 1600 642 1634 ab
675 1604 1004 1635 excommunicatione

350 1652 485 1698 aliisque
507 1656 651 1687 censuris
676 1659 706 1688 ct
725 1657 854 1698 poenis,
876 1658 907 1688 in
926 1666 1004 1700 quas

351 1706 503 1740 incidisse
519 1707 669 1741 declarati
685 1708 813 1742 suerunt
826 1708 865 1742 ab
883 1709 1006 1742 archie-

353 1760 483 1802 piscopo
508 1760 738 1803 Burdcgalcnsi
768 1761 808 1795 ol)
837 1762 1005 1795 violentias

352 1811 459 1845 eidem
481 1813 719 1857 archiepiscopo
745 1818 775 1847 et
805 1815 964 1849 nonnullis
989 1825 1005 1848 e

352 1865 437 1899 clero
461 1867 599 1900 civitatis
624 1867 870 1911 Burdegalensis
894 1870 1004 1911 illatas,

352 1918 426 1952 376.

264 1970 612 2007 CDLxxx11.1n‹]icuo
629 1984 685 2009 scu
700 1976 860 2019 impositio
871 1976 1006 2010 duorum

352 2037 408 2069 pro
421 2030 604 2061 centenario
621 2039 718 2071 super
735 2029 882 2063 omnihus
899 2030 1007 2063 t'rncti-

351 2078 412 2113 bus
425 2084 455 2113 et
474 2081 681 2124 pensionibus
693 2082 919 2115 ecclesiasticis
938 2084 1007 2116 uui-

352 2143 466 2167 versae
490 2135 609 2172 ltaliae,
634 2136 706 2169 378.

264 2184 485 2221 CDLxxxtlt.
510 2188 644 2222 indictio
665 2189 793 2222 inbilaci
816 2189 1006 2223 universalis

351 2240 391 2274 ad
407 2241 548 2275 dixinarn
575 2243 653 2274 iram
679 2242 885 2275 avertendam
908 2246 937 2275 et
954 2252 1005 2275 ca-

351 2294 485 2328 tholicae
510 2297 555 2329 rei
582 2296 723 2338 pericula
754 2305 789 2329 ac
815 2296 1004 2329 detrimenta

351 2350 538 2391 praesertim
564 2351 595 2382 in
622 2349 790 2382 Germania
822 2350 1004 2391 ingruentia

350 2402 559 2438 removenda:
592 2404 629 2435 ec
647 2402 791 2435 ciusdem
822 2403 1003 2445 prorogatio

351 2454 390 2488 ad
416 2457 493 2488 alias
517 2455 596 2489 duas
613 2455 838 2492 hebdomadas,
857 2465 927 2488 cum
949 2454 1004 2487 dc-

353 2508 523 2542 claratione
547 2509 630 2554 quod
646 2508 1004 2552 possintchristitidelcs

351 2562 503 2606 supplere
529 2564 560 2596 in
585 2562 795 2607 sequentibus
821 2561 957 2597 duabus,
978 2563 1003 2594 si

353 2615 429 2660 quid
455 2617 486 2650 in
506 2618 617 2660 primis
639 2615 846 2650 hebdomadis
860 2626 916 2659 pro
930 2624 1004 2648 con-

1691 206 1756 240 797

1145 268 1309 312 sequenda
1322 267 1520 312 indulgentia
1529 266 1714 302 huiusmodi
1725 270 1801 302 omi-

1145 325 1254 362 serint,
1281 323 1354 356 384.

1055 375 1270 410 cmxxxiv.
1285 376 1536 411 communicatio
1554 376 1799 421 privilegiorum

1143 433 1295 471 omnium,
1313 441 1374 464 non
1396 430 1645 465 Mendieantium
1663 435 1694 465 et
1712 430 1800 464 Men·

1143 484 1318 518 dicantium
1344 483 1522 518 Ordinibus
1546 494 1604 518 seu
1627 492 1800 528 congrega-

1145 537 1284 571 tionibus
1319 537 1508 571 clcricorum
1548 547 1797 578 concessorum,

1146 590 1296 624 tratribus
1328 591 1537 624 Discalceatis
1571 591 1798 634 Hispaniarum

1146 643 1278 677 Ordinis
1303 644 1527 677 Sanctissimae
1552 643 1713 678 Trinitatis
1736 643 1799 678 Re-

1144 697 1338 740 demptionis
1363 699 1579 740 captivorum,
1608 697 1682 730 387.

1056 749 1260 784 cmxxxv.
1288 750 1470 793 l‘rorogatio
1489 750 1618 784 iubilaei
1637 751 1801 784 universa-

1145 803 1183 836 lis
1205 803 1243 836 ad
1270 803 1347 836 alias
1372 803 1451 836 duas
1476 802 1702 843 hebdomadas,
1725 803 1799 836 391.

1055 855 1268 890 CDLxxxx'l.
1299 856 1502 889 Contirmatio
1537 857 1799 890 constitutionum

1145 910 1406 952 congregationis
1436 908 1636 942 Reformatae
1671 908 1799 942 Ordinis

1143 961 1801 996 sanctiAutoniidesanctoAntonioVien-

1143 1017 1236 1049 nensi
1261 1017 1291 1053 in
1317 1017 1455 1059 capitulo
1472 1015 1616 1059 generali
1639 1015 1800 1049 examina-

1144 1072 1247 1102 tarum
1273 1073 1302 1102 et
1328 1068 1583 1112 approbatarum⁷
1611 1069 1685 1102 393.

1055 1120 1288 1154 cmxxxvii.
1305 1122 1486 1163 Prorogatio
1500 1121 1637 1155 subsidii
1651 1120 1800 1166 quadrin-

1143 1179 1313 1218 gentorum
1331 1178 1361 1208 et
1386 1175 1499 1217 viginti
1517 1173 1652 1208 millium
1670 1174 1798 1208 ducato—

1144 1238 1212 1261 rum
1227 1237 1325 1272 super
1338 1227 1494 1261 fructibus
1510 1227 1736 1261 ecclesiasticis
1749 1227 1801 1261 ni-

1142 1283 1326 1324 spaniarnm
1348 1285 1379 1314 et
1396 1281 1561 1314 Sardiniae
1586 1290 1644 1325 pro
1661 1290 1737 1325 rege
1751 1289 1800 1314 ca-

1144 1335 1268 1372 tholico,
1296 1335 1368 1368 423.

1055 1386 1302 1421 CDLxxxx'ut.
1328 1387 1506 1421 Nonnullae
1531 1387 1748 1430 ordinationes
1771 1391 1802 1421 et

1143 1445 1257 1475 statuta
1276 1442 1356 1474 tacta
1371 1451 1426 1484 pro
1452 1440 1535 1475 hono
1550 1442 1706 1485 regimine
1723 1442 1800 1475 civi—

1146 1495 1216 1528 tatis
1231 1495 1454 1535 Feri-ariensis,
1481 1494 1554 1528 424.

1056 1547 1271 1581 CDLxxxlx.
1283 1547 1458 1582 Nonnullae
1472 1547 1705 1581 declarationes
1715 1549 1800 1581 circa

1144 1602 1379 1634 controversias
1415 1602 1498 1634 inter
1535 1600 1737 1634 collectorem
1769 1604 1801 1634 et

1146 1655 1398 1687 commissarium
1410 1655 1569 1688 cruciatae
1587 1653 1799 1697 Portugalliae

1146 1711 1316 1748 vertentes,
1339 1708 1412 1741 425.

1058 1761 1168 1795 CDXC.
1194 1760 1396 1795 Confirmatio
1417 1764 1605 1794 statutorum
1633 1760 1800 1794 Societatis

1147 1814 1354 1849 Exaltationis
1369 1814 1503 1847 Sanctae
1514 1814 1624 1848 Crucis
1637 1818 1726 1847 extra
1737 1823 1800 1846 mu-

1147 1878 1197 1901 ros
1211 1869 1348 1901 civitatis
1369 1867 1559 1900 Parisiensis
1573 1871 1710 1909 erectae⁷
1726 1867 1799 1900 429.

1058 1921 1187 1955 CDXCI.
1223 1922 1400 1955 Declaratio
1438 1930 1474 1954 ac
1510 1921 1706 1954 confirmatio
1742 1919 1799 1953 de-

1147 1978 1304 2007 cretorum
1335 1974 1493 2007 editorum
1525 1975 1610 2006 circa
1644 1974 1799 2016 imagines

1147 2026 1370 2060 defunctorum
1396 2026 1536 2059 nondum
1561 2035 1579 2059 a
1603 2026 1686 2059 Sede
1712 2026 1798 2069 Apo—

1147 2080 1257 2113 stolica
1282 2081 1538 2113 canonizatorum
1563 2089 1634 2113 cum
1655 2079 1799 2122 splendo-

1147 2132 1234 2166 ribus
1248 2136 1301 2166 aut
1318 2132 1468 2166 laureolis
1486 2142 1546 2165 non
1563 2132 1798 2175 proponendas,

1147 2191 1175 2220 et
1188 2197 1354 2230 processus
1368 2196 1424 2229 pro
1439 2195 1547 2220 eorum
1564 2185 1798 2219 beatificatione

1146 2245 1197 2274 aut
1219 2241 1458 2274 canonizatione
1476 2240 1703 2282 conficiendos,
1721 2240 1796 2273 436.

1057 2293 1195 2327 CDXCll.
1211 2293 1396 2336 Designatio
1410 2297 1624 2327 conventuum
1642 2303 1698 2336 pro
1713 2294 1797 2326 novi-

1147 2347 1275 2380 tiatibus
1300 2347 1451 2381 laicorum
1481 2357 1539 2380 seu
1570 2356 1797 2380 conversorum

1145 2400 1276 2435 Ordinis
1301 2402 1432 2434 tratrtim
1451 2401 1482 2434 B.
1503 2401 1619 2435 Mariae
1637 2400 1676 2434 de
1694 2400 1796 2434 Monte

1144 2454 1298 2494 Carmelo,
1326 2455 1398 2488 tte.

1056 2507 1213 2541 CDXClll.
1240 2507 1415 2541 Declaratio
1447 2509 1530 2541 circa
1556 2507 1796 2551 praecedentiae

1147 2562 1227 2594 inter
1248 2561 1358 2594 fratres
1374 2563 1475 2594 sancti
1493 2560 1650 2594 Francisci
1669 2560 1710 2594 de
1727 2558 1794 2594 Ob-

1147 2615 1306 2647 servantia
1332 2613 1539 2654 nctorniatos,
1565 2613 1637 2648 442.
