2248 3229
201 232 251 261 An,
268 231 296 260 c.
320 231 386 260 1637
436 223 498 256 602

240 1037 332 1067 Dei-egat
340 1041 390 1057 cou-

207 1067 284 1085 trariis.

243 2052 313 2072 Refer!
330 2052 399 2071 daiam

216 2085 228 2100 a
244 2086 265 2099 se
279 2079 400 2098 facultatem

217 2106 293 2126 nuncio
315 2108 399 2130 aposto-

217 2133 258 2153 Ικ·υ
272 2132 401 2155 transigendi

218 2166 263 2179 rum
280 2159 356 2185 populo
368 2165 400 2178 xu-

218 2192 254 2211 μοι’
270 2186 400 2205 manatione

219 2213 274 2232 [tei-n
305 2212 401 2232 sarienda

219 2239 323 2261 anuiniaeuti
339 2241 401 2259 vecti-

219 2265 280 2290 galis.

980 228 1156 252 BULLAtttUM

400 280 551 314 tredecim
576 289 673 321 grana
697 278 809 317 exigat,
824 282 853 309 et
867 286 1005 308 summas
1028 275 1153 308 huius-l

401 333 485 367 modi
518 331 659 376 personis
684 341 700 362 a
726 329 956 362 venerabilibus
988 329 1155 362 fratribus*

400 385 516 420 nostris
541 385 569 417 S.
588 384 620 416 R.
639 384 671 415 E.
690 382 902 415 cardinalibus
922 381 1024 414 eidem
1042 382 1137 414 sabri-

402 450 454 473 cac
480 437 645 482 praesectis
664 435 858 468 declarandis
880 445 939 478 pro
964 435 1064 467 dictae
1088 434 1134 466 fa-

401 493 506 525 bricae
523 489 703 533 sumptibus
717 488 888 531 consignet.
904 488 966 521 Nos
979 488 1061 520 enim
1078 486 1138 520 illi¹

401 544 574 590 praemissa
587 542 729 583 faciendi,
743 547 774 574 et
794 541 920 585 quasvis
937 551 1088 585 personas
1103 540 1140 573 ad

402 597 526 631 easdem
555 606 694 628 summas
722 595 765 627 illi
795 594 1017 638 persolvendas
1043 594 1158 627 omni-¹

401 651 460 683 bus
478 650 554 682 iuris
572 654 601 681 ct
618 648 695 692 ‚sacti
720 647 867 681 remediis
893 658 928 680 ac
953 647 1096 680 censuris
1113 651 1142 681 et
1157 652 1159 660 ’

402 702 512 748 poenis
537 700 773 742 ecclesiasticis,
799 700 823 733 si
849 711 927 744 opus
953 701 1067 742 suerit,
1093 711 1143 733 co-

403 756 496 800 gendi
521 759 550 789 et
574 754 803 798 compellendi,
837 754 987 787 auxilium
1020 754 1142 787 brachii

403 809 563 850 secularis⁷
584 814 737 852 quatenus
754 819 833 852 opus
858 809 946 850 soret,
967 808 1142 850 invocandi,
1159 827 1161 846 =.

403 864 527 907 plenam
546 868 575 895 et
595 863 726 894 liberam
752 862 942 902 facultatem,
960 861 1142 895 earumdem

406 922 512 950 tenore
526 916 749 961 praesentium,
768 915 969 949 concedimus
984 920 1013 948 et
1032 915 1144 959 imper-

406 971 511 1003 timur.

450 1024 518 1067 54.
552 1024 620 1056 Non
649 1022 845 1055 obstantibus
875 1023 1079 1066 praemissis,
1110 1033 1145 1055 ac

406 1077 518 1120 regula
542 1077 649 1109 nostra
674 1076 711 1107 de
735 1075 802 1107 iure
828 1075 969 1119 quaesito
994 1086 1056 1108 non
1081 1076 1145 1108 tol-

406 1130 509 1172 lendo,
534 1139 655 1162 necnon
680 1129 825 1161 omnibus
851 1128 924 1169 illis,
949 1139 1028 1172 quae
1049 1129 1079 1161 in
1096 1128 1163 1161 lit-'¹

406 1183 481 1216 teris
506 1182 652 1225 praetatis
678 1182 832 1214 voluimus
858 1191 919 1213 non
945 1181 1079 1224 obstare,
1101 1192 1147 1214 ce-

408 1236 544 1279 terisque
568 1235 733 1268 contrariis
754 1235 1012 1278 quibuscumque.
1163 1248 1165 1279 ²,

450 1290 561 1322 Datum
588 1290 722 1328 Romae,
748 1289 830 1332 apud
854 1289 881 1321 S.
908 1289 1034 1321 Mariam.
1058 1282 1165 1339 Maio-J

408 1354 486 1383 rem,
504 1343 560 1375 sub
577 1343 691 1375 annulo
706 1343 882 1381 Piscator-is,
899 1342 947 1375 die
968 1353 1011 1375 vn
1025 1343 1147 1385 augusti
1164 1350 1165 1365 ¹

408 1406 592 1435 uncxxxwi,
611 1396 813 1440 pontificatus
828 1396 925 1429 nostri
948 1406 1029 1429 anuo
1050 1406 1101 1430 xv.

444 1459 501 1486 Dat.
517 1459 560 1486 die
575 1459 590 1486 7
606 1458 711 1494 augusti
728 1459 808 1493 1637,
825 1458 918 1493 pontis.
936 1467 1004 1486 anno
1021 1465 1064 1486 xv.

696 1611 860 1644 anxvn.
1166 1599 1168 1634 ἓ

410 1694 565 1738 Sequitur
574 1693 731 1726 concess-2⁴0
744 1692 940 1735 simultatum
951 1693 1069 1725 nuncio
1079 1702 1151 1735 apo-

454 1747 564 1779 stolico
589 1757 626 1778 ea
649 1746 837 1788 perasscmti,
861 1756 943 1788 quae
965 1746 1001 1777 in
1016 1756 1147 1788 qsiraece—

455 1800 606 1833 dentibus
620 1799 899 1831 constitutionibus
908 1803 1031 1831 statuta
1044 1799 1152 1841 lequu-

458 1861 510 1885 lm·
523 1851 543 1885 ².

617 1924 751 1950 Urbanus
774 1923 852 1957 Papa
872 1922 950 1953 vlu,

564 1968 600 1995 ad
617 1969 748 1995 futuram
763 1968 806 1995 rei
823 1967 1003 1995 memoriam.

459 2042 473 2084 g
502 2041 526 2073 1.
545 2039 663 2073 Ilodic³
681 2041 752 2083 (pro
770 2045 858 2083 parte
874 2039 1059 2072 dilectorum
1077 2038 1153 2072 filio-
1169 2046 1171 2072 l

416 2107 485 2129 rum
511 2094 744 2128 communitatis
774 2099 803 2125 ct
833 2093 997 2125 bominum
1022 2093 1171 2126 civitatis*

416 2149 636 2193 Neapolitanae
653 2148 743 2180 nobis
762 2147 914 2191 exposito,
935 2147 1018 2190 quod
1036 2147 1104 2190 ipsi,
1123 2151 1171 2178 ut*

417 2202 601 2236 charissimo
616 2202 645 2234 in
659 2202 780 2235 Clu-isto
806 2201 870 2233 tilio
887 2204 994 2234 nostro
1010 2200 1154 2243 Philippo
1171 2234 1172 2239 ,

417 2256 638 2300 Hispaniarum
671 2255 738 2297 regi
771 2254 943 2296 catholico,
979 2254 1032 2297 qui
1063 2253 1155 2286 etiam
1172 2244 1173 2276 Ῠ

418 2320 472 2343 rex
497 2309 642 2353 Neapolis
667 2308 780 2349 existit⁷
802 2307 833 2339 in
851 2308 943 2340 variis
961 2307 1026 2340 eius
1045 2317 1156 2350 urgen-
1172 2331 1174 2350 ᾗ

419 2362 545 2397 tissimis
569 2361 807 2394 necessitatibus
832 2360 1029 2397 inservirent,
1051 2360 1174 2402 gabei-¹

419 2417 480 2450 lam
506 2417 601 2451 trium
626 2417 847 2449 carolenorum
871 2425 929 2459 pro
949 2414 1089 2458 quolibet
1114 2419 1174 2446 tu<*

419 2471 505 2504 mulo
540 2470 657 2503 farinae
692 2468 839 2502 frumenti
879 2472 908 2501 ct
944 2467 1085 2511 germani
1119 2467 1174 2515 ad¹

457 2553 466 2577 1
487 2551 553 2577 Male
569 2551 594 2577 in
611 2551 661 2577 loc.
678 2550 771 2584 parali.
789 2549 886 2576 lectum
900 2549 948 2575 suit
961 2549 1015 2577 illa
1029 2554 1065 2582 (a.
1082 2548 1130 2583 T.).

455 2595 471 2621 2
488 2595 523 2621 Ex
541 2595 646 2628 [tegest.
664 2594 689 2620 in
706 2594 805 2621 Secret.
824 2594 900 2620 Brev.

457 2639 473 2666 3
487 2638 603 2666 Similem
622 2638 679 2665 vide
695 2646 776 2674 supra
793 2647 850 2673 pag.
869 2638 920 2665 48ss
935 2639 972 2673 (11.
989 2639 1037 2671 Τ.).

1182 228 1335 250 nonaxon

1171 274 1320 307 tredecim
1346 284 1442 317 ‹gi-ana
1456 275 1487 307 in
1500 274 1630 308 diversis
1651 275 1771 309 vicibus
1788 281 1818 309 et
1835 280 1909 309 tem-

1171 328 1302 372 poribus
1316 331 1477 368 auxerant,
1494 332 1524 360 et
1540 332 1742 370 augmentum
1757 329 1906 362 tredecim

1172 391 1343 425 granorum
1356 392 1414 425 pro
1429 381 1549 414 tumulo
1563 381 1742 414 huiusmodi
1757 381 1787 414 in
1800 382 1908 415 eadem

1174 436 1296 469 civitate
1322 435 1548 479 Neapolitana,
1578 434 1706 478 eiusque
1731 435 1910 477 suburbiis,

1174 500 1209 522 ac
1226 489 1372 521 districtu
1392 493 1421 521 et
1438 487 1601 529 casalibus,
1621 487 1787 520 accedente
1804 490 1911 521 nostra

1175 548 1204 576 et
1228 542 1426 586 Apostolieae
1450 541 1538 574 Sedis
1557 541 1693 582 licentia,
1711 541 1804 574 etiam
1829 551 1846 574 a
1871 541 1913 574 di-

1175 596 1262 628 lectis
1287 595 1359 628 filiis
1384 595 1469 628 clero
1486 599 1516 627 et
1532 594 1674 638 personis
1695 594 1913 627 ecclesiasticis

1176 649 1328 690 civitatis,
1365 647 1590 682 suburbiorum
1621 652 1651 680 et
1684 647 1843 680 districtus
1878 657 1914 681 ae

1177 701 1324 735 casalium
1343 701 1588 745 praedictorum,
1606 700 1644 733 ad
1660 699 1818 733 evitandas
1835 700 1915 733 frau-

1177 755 1242 795 des,
1267 754 1404 797 exigere,
1429 764 1464 787 ae
1489 753 1605 786 eisdem
1622 753 1706 786 clero
1724 758 1754 786 et
1770 753 1915 798 personis

1178 807 1396 842 ecclesiasticis
1420 813 1518 841 ratam
1536 807 1580 840 eis
1598 807 1734 840 debitam
1749 806 1916 840 restituere

1178 862 1401 902 intendebant,
1427 865 1456 895 et
1480 865 1650 905 propterea
1678 860 1804 894 eosdem
1830 871 1914 894 com-

1180 916 1363 950 munitatem
1389 920 1418 948 et
1442 915 1587 948 homines
1609 914 1646 947 ad
1667 914 1805 958 aliquam
1824 925 1917 958 super

1179 970 1237 1003 hoc
1263 968 1506 1002 transactionem
1532 978 1603 1001 eum
1621 969 1706 1001 clero
1726 972 1755 1001 et
1773 967 1918 1012 personis

1180 1022 1397 1056 ecclesiasticis
1431 1021 1577 1066 praefatis
1612 1021 1759 1054 devenire
1791 1031 1919 1054 necesse

1180 1077 1259 1119 erat.)
1276 1076 1389 1108 dilecto
1414 1075 1478 1108 silio
1503 1079 1611 1108 nostro
1636 1079 1665 1107 et
1685 1074 1772 1108 Sedis
1789 1075 1919 1118 Aposto-

1181 1130 1257 1162 lieae
1268 1129 1298 1162 in
1312 1128 1410 1171 regno
1424 1128 1569 1172 Neapolis
1582 1127 1790 1161 commoranti
1804 1128 1919 1161 nuncio

1181 1194 1238 1227 per
1262 1187 1384 1216 nostras
1409 1182 1440 1214 in
1465 1182 1558 1214 simili
1583 1182 1684 1215 forma
1706 1181 1811 1215 Brevis
1828 1191 1920 1226 expc-

1182 1237 1260 1269 ditas
1284 1237 1403 1269 litteras
1428 1235 1653 1276 commisimus,
1674 1240 1707 1268 ut
1730 1245 1824 1280 super
1848 1245 1921 1277 aug-

1183 1296 1287 1323 mento
1313 1289 1461 1322 tredecim
1494 1299 1666 1331 granorum
1695 1299 1753 1332 pro
1782 1288 1921 1332 quolibet

1183 1344 1302 1378 tumulo
1338 1342 1519 1375 huiusmodi
1551 1347 1583 1375 ut
1609 1342 1795 1386 praefertur
1826 1342 1920 1383 sacto,

1183 1398 1328 1440 illiusque
1353 1395 1514 1429 exactione
1540 1395 1571 1427 in
1595 1395 1657 1428 vim
1678 1395 1821 1428 licentiae
1841 1405 1858 1427 a
1874 1395 1921 1428 di-

1184 1457 1233 1484 cto
1246 1450 1361 1483 nuncio
1376 1449 1435 1482 illis
1447 1448 1663 1482 concedendae
1680 1448 1832 1489 facienda,
1849 1460 1921 1482 cum

1184 1504 1300 1538 eisdem
1319 1502 1544 1537 communitate
1560 1509 1589 1535 et
1603 1502 1783 1535 hominibus
1802 1502 1922 1536 ratione

1184 1563 1268 1590 ratae
1293 1568 1350 1600 per
1375 1567 1427 1590 eos
1451 1556 1541 1590 dictis
1566 1557 1650 1589 clero
1671 1561 1701 1589 et
1717 1555 1861 1600 personis
1875 1566 1922 1590 ec-

1185 1610 1365 1644 clesiasticis
1390 1609 1428 1642 ad
1453 1609 1610 1642 evitandas
1627 1608 1754 1642 fraudes
1776 1613 1809 1641 ut
1831 1620 1922 1653 prae-

1186 1665 1284 1697 fertur
1308 1662 1519 1696 restituendae
1543 1662 1670 1695 nomine
1694 1661 1771 1695 cleri
1791 1667 1821 1695 et
1849 1673 1922 1706 per-

1186 1727 1334 1750 sonarum
1348 1715 1630 1749 ecclesiasticarum
1647 1715 1828 1749 huiusmodi
1842 1720 1923 1748 tran-

1186 1771 1288 1813 sigere
1321 1775 1350 1802 et
1386 1768 1579 1802 concordare
1595 1795 1602 1808 ,
1638 1779 1673 1801 ac
1709 1778 1923 1812 quascumque

1187 1824 1359 1867 scripturas
1384 1822 1521 1866 desuper
1541 1821 1732 1854 necessarias
1757 1826 1786 1854 et
1811 1832 1925 1866 oppor-

1188 1884 1277 1910 tunas
1303 1876 1414 1910 contici
1439 1876 1540 1909 facere
1563 1875 1661 1908 libere
1678 1880 1708 1909 et
1727 1875 1810 1908 licite
1827 1876 1925 1920 possit

1169 1951 1170 1956 =
1187 1935 1217 1964 et
1231 1930 1338 1970 valeat,
1352 1929 1523 1973 apostolica
1544 1929 1730 1963 auctoritate
1747 1929 1922 1963 facultatem

1188 1982 1400 2016 concessimus
1424 1987 1454 2015 et
1478 1982 1628 2026 impertiti
1650 1992 1779 2022 sumus;

1232 2037 1247 2079 ἓ
1271 2036 1300 2068 Q,
1326 2036 1363 2068 Et
1380 2046 1435 2079 per
1453 2035 1527 2068 alias
1544 2040 1666 2068 nostras
1684 2035 1716 2067 in
1733 2035 1843 2068 eadem
1859 2035 1924 2069 sor-

1189 2092 1239 2123 ma
1264 2090 1370 2123 Brevis
1396 2090 1525 2129 litteras,
1557 2094 1645 2122 motu
1668 2089 1810 2134 proprio,
1835 2095 1865 2122 et
1889 2100 1924 2123 ex

1189 2146 1274 2178 certa
1311 2144 1439 2177 scientia
1476 2154 1511 2176 ac
1543 2146 1666 2176 matura
1702 2143 1926 2177 deliberatione

1925 227 1972 254 An.
1990 227 2017 254 C.
2040 226 2107 255 1037

1975 2048 2124 2074 Suuunamque

1941 2074 1996 2094 (lero
2014 2077 2125 2094 restituen-

1942 2101 1989 2120 dam
2030 2101 2125 2121 sabrinae

1941 2127 2042 2148 basilicae
2068 2127 2125 2147 vaii-

1942 2160 2007 2175 cauae
2022 2154 2126 2180 applicas-

1189 2198 1314 2238 nostris,
1329 2198 1430 2241 deque
1444 2197 1631 2241 apostolicae
1650 2197 1812 2242 potestatis
1830 2198 1927 2241 pleni·
1942 2189 1971 2201 Μ’

1192 2252 1307 2294 tudine,
1318 2262 1428 2285 omncs
1445 2257 1475 2284 et
1492 2261 1705 2295 quascumque
1722 2251 1927 2295 pecuniarum

1191 2316 1338 2347 summas,
1357 2315 1436 2348 quae
1457 2315 1492 2337 ex
1514 2306 1579 2337 rata
1604 2305 1763 2348 augmenti
1788 2305 1928 2348 gabellae

1192 2359 1287 2392 trium
1324 2359 1545 2392 carolenorum
1577 2358 1614 2391 ad
1651 2358 1801 2391 tredecim
1832 2369 1928 2401 grana

1192 2412 1372 2446 huiusmodi
1390 2412 1428 2444 ab
1446 2411 1663 2445 ecclesiasticis
1684 2411 1828 2456 personis
1845 2422 1929 2445 secu-

1192 2467 1310 2499 laribus
1341 2470 1370 2500 et
1401 2466 1537 2499 cuiusvis
1571 2465 1695 2499 Ordinis
1729 2465 1928 2509 quantumvis

1193 2519 1327 2563 exempti
1359 2519 1559 2562 regularibus
1592 2518 1622 2551 in
1655 2518 1717 2551 vim
1752 2518 1927 2551 litterarum

1174 2578 1371 2607 nostrarum
1396 2572 1577 2606 huiusmodi
1609 2572 1808 2615 exigerentur
1832 2576 1862 2604 et
1885 2571 1929 2604 eis

1174 2637 1176 2643 ¹
1194 2628 1410 2668 redderentur,
1435 2638 1490 2660 seu
1515 2627 1595 2669 exigi
1615 2632 1642 2660 et
1661 2625 1748 2659 reddi
1770 2625 1929 2667 deberent,

2245 2098 2248 2140 i

2244 2141 2248 2186 1

2237 2190 2248 2216 ι,

2246 2233 2248 2282 i

2243 2301 2248 2350 i

2244 2358 2248 2403 i

2246 2454 2248 2474 l

2245 2497 2248 2519 ι
