2248 3229
216 244 265 273 An.
282 244 310 274 C.
334 246 400 275 1633

249 1378 314 1399 liuius
330 1381 398 1397 exem·

213 1406 253 1432 plis
269 1404 327 1426 credi
342 1404 391 1425 vult.

446 235 510 271 5:324

417 300 526 336 tames,
551 294 668 327 mentio
692 303 747 326 seu
771 292 901 337 quaevis
918 292 977 325 alia
994 294 1154 337 expressio

415 349 568 389 habenda,
593 353 645 380 aut
669 347 772 391 aliqua
797 347 857 380 alia
881 347 1034 391 exquisita
1052 347 1154 381 forma

416 403 454 435 ad
471 403 530 435 hoc
547 401 698 435 servanda
713 401 803 442 soret,
821 407 945 435 tenores
961 401 1152 444 huiusmodi,

415 466 450 489 ac
475 455 499 487 si
524 454 562 487 de
585 453 683 488 verbo
708 454 745 487 ad
770 454 912 495 verbum,
929 454 1007 487 nihil
1029 455 1153 499 penitus

415 509 542 550 omisso,
556 514 586 541 et
602 509 703 542 forma
720 509 751 541 in
768 509 829 542 illis
847 509 962 542 tradita
980 509 1153 550 observata,

414 561 523 594 inserti
537 561 647 603 forent,
661 562 879 605 praesentibus
892 573 950 606 pro
965 562 1154 595 sufficienter

415 615 573 659 expressis
599 621 629 648 et
658 615 783 648 insertis
809 615 980 656 habentes,
1007 616 1063 648 hac
1088 615 1154 648 vice

415 669 591 712 specialiter
605 674 635 702 et
652 680 807 713 expresse,
826 669 856 701 in
875 674 1025 713 quantum
1039 669 1155 703 nostris

414 723 620 767 prohibitioni
652 728 682 756 et
714 723 880 756 interdicto
913 723 1043 767 aliisque
1068 734 1155 767 prae-

415 776 518 809 missis
546 777 761 818 adversentur,
787 777 900 810 harum
926 777 1006 810 serie
1027 777 1155 820 deroga-

414 839 496 871 mus,
514 840 550 863 ac
566 830 753 873 derogatum
773 841 839 864 esse
854 836 883 863 et
898 831 1030 871 censeri,
1052 841 1154 874 neque

413 883 466 916 illa
491 884 535 917 eis
560 885 716 918 ullatenus
749 884 915 928 suffragari
948 885 1094 918 volumus
1125 890 1154 917 et

415 937 628 979 declaramus,
645 939 819 982 ceterisque
841 939 1007 972 contrariis
1031 938 1155 982 quibus-

414 1001 558 1035 cumque.
576 992 775 1026 Declarantes
793 993 884 1026 etiam
899 1004 934 1026 ac
951 992 1154 1026 decernentes

412 1045 591 1079 facultatem
606 1046 739 1089 eligendi
750 1047 959 1090 posteriorem
973 1046 1076 1079 datam
1090 1046 1156 1090 qui—

412 1099 520 1133 busvis
540 1099 718 1143 Ordinibus,
738 1100 954 1143 Societatibus,
973 1101 1064 1133 etiam
1086 1100 1154 1133 Iesu

413 1154 611 1197 nuncupatis,
633 1159 662 1187 et
681 1154 749 1186 aliis
769 1154 1036 1197 quibuscumque,
1060 1154 1154 1187 etiam

414 1207 541 1251 speciali
565 1209 640 1241 nota
665 1207 785 1250 dignis,
813 1217 1013 1250 concessam,
1038 1207 1154 1240 nemini

413 1259 563 1293 adversus
586 1266 767 1304 praesentes
786 1266 910 1295 nostras
930 1261 1049 1296 litteras
1062 1271 1154 1305 posse

413 1324 552 1358 unquam
573 1313 751 1357 suffragari.

457 1368 472 1411 ἓ
496 1368 548 1400 Μ.
574 1368 610 1401 Et
627 1369 701 1412 quia
721 1368 846 1402 difficile
870 1369 949 1402 soret
973 1374 1154 1413 praesentes

414 1421 544 1463 litteras,
564 1422 758 1468 ubicumque
782 1434 857 1456 usus
882 1420 1035 1464 venerit,¹
1051 1423 1154 1467 publi—

414 1476 488 1517 cari,
514 1477 669 1518 volumus,
693 1483 728 1510 ut
753 1488 861 1511 earum
880 1478 1041 1522 exemplis,
1060 1477 1153 1510 etiam

413 1530 597 1574 impressis,
623 1541 718 1565 manu
742 1531 855 1565 notarii
880 1532 999 1576 publici
1028 1531 1077 1564 vel
1102 1531 1155 1564 ali-

414 1584 503 1617 cuius
527 1584 682 1618 dictarum
700 1585 889 1629 religionum
908 1585 1068 1620 secretarii
1086 1585 1155 1619 sub-

413 1638 548 1682 scriptis,
574 1644 603 1671 et
627 1650 781 1683 personae
812 1640 843 1672 in
874 1639 1023 1682 dignitate
1048 1640 1151 1673 eccle-

414 1692 539 1726 siastica
558 1694 745 1727 constitutae
770 1694 817 1726 vel
843 1694 979 1726 cuiusvis
1004 1704 1039 1727 ex
1065 1704 1155 1737 gene-

414 1745 533 1778 ralibus
558 1746 726 1790 praedictis
751 1747 854 1789 sigillo
880 1747 1018 1788 munitis,
1045 1747 1152 1780 eadcm

413 1809 545 1842 prorsus
560 1799 638 1832 fides
662 1800 693 1832 in
719 1800 835 1834 iudicio
856 1806 886 1833 et
905 1806 991 1833 extra
1012 1800 1155 1833 adhibea-

414 1856 476 1893 tur,
505 1863 585 1896 quae
617 1854 835 1897 praesentibus
868 1854 1071 1887 adhiberetur
1084 1855 1103 1897 ²,
1129 1855 1153 1888 si

414 1905 517 1939 forent
534 1907 690 1940 exhibitae
707 1908 755 1940 vel
780 1914 931 1941 ostensae.

458 1960 570 1993 Datum
595 1961 722 2001 Romae,
736 1961 818 2005 apud
838 1962 866 1995 S.
878 1962 1015 2005 Petrum,
1031 1962 1088 1995 sub
1105 1973 1156 1995 an-

415 2015 490 2047 nulo
500 2015 677 2055 piscatoris,
687 2016 735 2048 die
744 2026 809 2049 xxn
819 2016 968 2049 februarii
979 2026 1154 2057 nncxxxm,

415 2068 618 2111 pontificatus
641 2070 740 2103 nostri
759 2081 840 2104 anno
858 2081 888 2104 x.

451 2138 510 2167 Dat.
529 2139 571 2167 die
587 2139 621 2166 22
635 2140 764 2168 februarii
782 2140 860 2176 1633,
877 2141 972 2177 pontif.
989 2149 1059 2170 anno
1075 2149 1101 2169 x.

709 2304 858 2338 CDLvm.

417 2384 606 2419 Subsidium
630 2384 735 2419 decem
767 2390 795 2419 et
825 2396 933 2420 norem
965 2386 1155 2420 millionum

460 2449 672 2472 nummorum
695 2449 871 2472 aureorum
900 2440 935 2473 in
961 2441 1071 2484 reym's
1097 2440 1155 2475 Ca-

460 2492 572 2526 stellae
592 2496 621 2526 et
637 2493 788 2537 Leqi'om‘s
805 2504 865 2538 pro
885 2504 957 2538 reae
972 2492 1154 2527 catholicffi.

455 2576 465 2600 ¹
484 2574 625 2601 Coniunct.
644 2577 670 2602 et
686 2574 806 2602 delemus
823 2575 860 2610 (R.
877 2575 927 2607 T.).

453 2618 468 2644 Ξ
483 2618 553 2645 Edit.
570 2619 648 2646 lllain.
665 2618 729 2654 legit
743 2619 952 2646 adhiberentur
967 2619 1005 2655 (R.
1023 2619 1071 2655 Τ.).

453 2662 468 2691 3
484 2662 522 2690 Ex
536 2663 646 2699 Regest.
661 2663 687 2691 in
702 2664 806 2693 Secret.
822 2665 958 2693 Brevium.

997 245 1176 270 BULLARIUM
1199 244 1356 270 ROMANUM

1948 246 1995 274 llu.
2012 245 2040 274 C.
2058 243 2127 273 1633

1188 293 1368 321 charissimo
1387 292 1419 320 in
1439 292 1557 322 christo
1575 294 1637 323 filio
1656 297 1760 324 nostro
1778 294 1925 330 Philippo,

1328 338 1539 373 Hispaniarum
1548 339 1611 374 regi
1626 340 1783 373 catholico,

1399 388 1536 415 Urbanus
1548 388 1627 422 Papa
1637 389 1714 424 VIII,

1277 447 1456 476 charissimo
1473 448 1503 476 in
1521 448 1639 476 Christo
1654 448 1698 476 fili
1713 450 1841 482 noster¹‚

1224 493 1355 519 salutem
1375 496 1406 520 et
1427 493 1622 527 apostolicam
1641 493 1888 521 benedictionem.

1231 562 1277 595 Ad
1301 563 1487 596 universalis
1511 563 1668 597 Ecclesiae
1692 563 1845 606 regimen,
1866 574 1928 597 me-
1969 574 2090 597 Exordium.

1188 615 1257 648 ritis
1281 616 1353 650 licet
1378 616 1564 660 imparibus,
1588 616 1857 661 imperscrutabili
1881 617 1928 650 di-

1188 669 1276 702 vinae
1302 669 1518 713 providentiae
1535 670 1652 704 iudicio
1673 670 1785 711 vocati,
1802 670 1928 714 piorum

1189 733 1300 765 regum
1322 728 1393 756 vota
1410 723 1474 756 vias
1491 723 1664 767 modosque
1682 723 1928 769 exquirentium,

1187 777 1302 820 quibus
1326 776 1463 810 nefarios
1488 777 1627 810 hostium
1645 777 1838 811 orthodoxae
1856 777 1928 810 fidei

1188 840 1282 863 ausus
1307 830 1438 874 reprimi
1463 836 1493 863 et
1516 830 1662 874 dissipari
1683 831 1814 872 valeant,
1831 830 1928 874 ipsius

1188 895 1262 918 vero
1287 884 1360 917 fidei
1385 884 1557 918 defensioni
1582 890 1612 918 et
1635 884 1857 929 propagationi
1882 884 1929 917 di-

1188 937 1313 982 vinique
1339 938 1441 971 cultus
1467 939 1662 972 incremento
1679 938 1871 980 consulatur,
1891 938 1929 970 li-

1188 991 1299 1024 benter
1323 992 1518 1035 exaudimus,
1537 998 1567 1026 et
1587 992 1754 1037 pastoralis
1770 991 1864 1026 officii
1877 1001 1930 1024 no-

1187 1045 1242 1079 stri
1256 1051 1360 1090 partes
1371 1046 1401 1079 in
1414 1052 1475 1079 tam
1490 1052 1597 1080 sancto
1607 1056 1703 1090 opere
1716 1045 1930 1079 favorabiliter

1188 1099 1428 1143 interponimus,
1446 1105 1549 1143 prout,
1568 1105 1747 1144 temporum
1772 1103 1801 1133 et
1821 1109 1928 1132 rerum

1187 1153 1388 1196 qualitatibus
1413 1153 1516 1188 debite
1539 1154 1677 1198 pensatis
1691 1182 1698 1196 ,
1717 1153 1928 1198 conspicimus

1188 1206 1219 1238 in
1244 1206 1377 1240 Domino
1403 1207 1571 1240 salubriter
1593 1207 1751 1251 expedire.

1232 1259 1246 1302 ἓ
1272 1260 1300 1292 1.
1326 1260 1402 1293 Cum
1427 1260 1541 1304 itaque,
1566 1260 1645 1294 sicut
1671 1261 1841 1294 maiestatis
1859 1266 1928 1294 tuae
1944 1268 2128 1318 rmffigerfffflg}

1187 1313 1314 1346 nomine
1339 1313 1430 1347 nobis
1453 1324 1554 1358 nuper
1571 1315 1746 1358 expositum
1767 1315 1840 1355 suit,
1858 1315 1927 1347 laici
1944 1322 2042 1342 tunonem
2076 1311 2128 1347 [1132-

1943 1351 1991 1368 tuni·
2036 1349 2128 1373 veruga-

1187 1366 1303 1399 subditi
1324 1377 1496 1410 regnorum
1518 1372 1645 1401 tuorum
1662 1367 1811 1401 Castellae
1829 1372 1859 1400 et
1875 1367 1928 1400 Le·
1942 1374 2127 1426 Tfiffgmifficsse‘ssssff

1187 1419 1290 1462 gionis
1314 1420 1344 1452 in
1369 1430 1479 1454 eorum
1500 1420 1679 1454 novissimis
1703 1420 1837 1454 comitiis
1864 1420 1928 1453 sive
1943 1428 2011 1474 aquas
2031 1432 2129 1449 accesse-

1188 1474 1284 1507 curiis
1308 1473 1346 1507 de
1371 1485 1452 1508 anno
1476 1485 1630 1508 MDcxxxu
1653 1474 1796 1519 proxime
1810 1480 1929 1518 praetc—
1973 1470 1978 1475 “

1188 1528 1248 1561 rito
1273 1528 1388 1561 habitis
1420 1528 1724 1572 <animadvertentes
1753 1528 1928 1562 subsidium

1188 1581 1296 1615 decem
1321 1586 1351 1615 et
1371 1586 1442 1615 octo
1460 1583 1637 1616 millionum
1654 1592 1859 1616 nummorum
1876 1593 1930 1616 au-

1189 1647 1336 1677 reorum,
1362 1636 1462 1679 spatio
1493 1647 1607 1669 novem
1632 1646 1787 1670 annorum
1812 1647 1849 1669 ex
1874 1647 1928 1679 ga-

1188 1689 1277 1721 bellis
1301 1699 1355 1721 seu
1375 1689 1444 1722 slsis
1461 1693 1535 1722 tunc
1555 1689 1711 1733 impositis
1732 1700 1828 1733 super
1844 1689 1927 1730 vino,

1189 1743 1268 1783 oleo,
1293 1748 1382 1775 aceto
1407 1747 1437 1775 et
1461 1753 1554 1776 carne
1587 1743 1788 1785 solvendum,
1813 1743 1887 1775 alias
1912 1754 1928 1776 a

1188 1795 1356 1839 praedictis
1381 1795 1513 1828 subditis
1537 1796 1598 1828 tuis
1622 1806 1681 1839 pro
1706 1795 1778 1828 fidei
1795 1795 1929 1829 catholi-

1189 1860 1242 1882 cae
1267 1849 1447 1883 defensione
1465 1855 1494 1882 et
1511 1849 1707 1884 obedientiae
1723 1859 1799 1893 erga
1815 1850 1930 1883 Roma-

1189 1913 1260 1935 nam
1298 1903 1469 1935 Ecclesiam
1507 1903 1743 1936 conservatione
1775 1903 1929 1936 maiestati

1189 1961 1259 1988 tuae
1284 1955 1435 1997 oblatum,
1461 1962 1491 1989 ct
1515 1967 1532 1989 a
1555 1957 1646 1990 nobis
1671 1967 1729 2000 per
1753 1961 1876 1989 nostras
1898 1957 1929 1989 in

1189 2010 1283 2042 simili
1316 2010 1419 2042 forma
1455 2010 1561 2043 Brevis
1591 2010 1648 2043 sub
1679 2010 1729 2042 die
1758 2020 1830 2043 xxix
1855 2010 1928 2043 maii

1189 2074 1323 2097 MDexxix
1342 2064 1503 2108 expeditas
1519 2063 1655 2097 litteras‘³
1680 2063 1718 2096 ad
1742 2074 1855 2097 novem
1878 2074 1930 2097 an-

1188 2128 1255 2159 nos,
1280 2118 1337 2151 sub
1363 2119 1456 2151 certis
1481 2118 1576 2151 modo
1600 2123 1629 2151 et
1653 2119 1754 2152 forma
1780 2123 1854 2151 tunc
1869 2129 1923 2152 ex-

1188 2172 1315 2215 pressis,
1339 2172 1549 2216 approbatum
1574 2177 1604 2205 et
1628 2172 1863 2214 confirmatum,
1888 2173 1928 2206 ob

1188 2226 1355 2259 nonnullas
1389 2236 1497 2259 causas
1534 2224 1679 2260 effectum
1712 2237 1749 2259 ex
1783 2231 1858 2260 tunc
1889 2226 1927 2260 dc

1190 2284 1294 2312 cetero
1326 2279 1433 2313 sortiri
1470 2289 1534 2313 non
1569 2290 1682 2323 posse,
1708 2279 1771 2314 imo
1803 2280 1927 2324 penitus

1189 2343 1325 2374 cessare;
1354 2339 1440 2367 tuam
1457 2344 1532 2367 vero
1555 2334 1752 2367 maiestatem
1769 2332 1808 2367 ad
1826 2334 1926 2378 repri-

1189 2387 1319 2421 mendos
1333 2388 1472 2421 eiusdem
1488 2388 1561 2422 fidei
1579 2388 1774 2422 orthodoxae
1786 2388 1926 2422 hostium

1189 2446 1318 2475 conatus
1354 2442 1477 2476 assidue
1513 2442 1709 2486 gravissimis
1748 2442 1926 2487 sumptibus

1188 2495 1307 2538 urgeri,
1326 2500 1441 2540 tuaque
1459 2497 1562 2529 eraria
1584 2506 1664 2540 pene
1684 2496 1833 2530 exhausta
1849 2506 1926 2537 esse,

1190 2548 1231 2581 ita
1251 2553 1305 2589 ut,
1329 2548 1389 2582 nisi
1413 2549 1452 2583 de
1475 2549 1537 2583 alio
1562 2549 1822 2591 extraordinario,
1847 2550 1928 2583 cele-

1227 2621 1237 2646 1
1256 2619 1321 2648 Male
1337 2620 1401 2648 edit.
1418 2620 1499 2649 Main.
1515 2621 1581 2657 legit
1594 2625 1690 2650 nostro
1705 2622 1741 2656 (a.
1757 2621 1806 2656 T.).

1225 2665 1241 2691 ἓ
1256 2665 1293 2693 De
1309 2665 1405 2701 quibus
1420 2665 1480 2694 vide
1493 2674 1553 2702 sup.
1569 2674 1631 2702 pag.
1646 2666 1680 2695 65
1693 2666 1731 2702 (u.
1742 2666 1790 2703 Τ.).

2237 261 2239 266 ⁴
2235 234 2238 236 “
2232 0 2248 213 ''ss'‘-Z'ffl
