2221 3224
211 226 259 253 An„
281 225 308 251 e.
334 224 400 252 1030
449 217 508 258 153]

248 1035 349 1055 nerent-02
366 1035 395 1054 ιὶι-

213 1062 322 1082 mannase
333 1062 395 1082 sume

212 1089 298 1113 vaptlnlt
338 1089 395 1108 cele-

211 1115 329 1135 limtionem
345 1115 371 1135 ad
384 1115 395 1134 7

213 1141 311 1161 velultrtS.

230 2246 357 2271 ltepnlntum
370 2251 399 2265 tn-

217 2275 348 2298 qumtorem,
364 2278 399 2297 qut

215 2306 233 2319 et
250 2301 336 2325 praesit.

231 2365 287 2385 lubet
305 2370 399 2390 eompre-

215 2392 322 2411 mmai-tos
333 2397 344 2411 a
356 2394 398 2411 tota

216 2420 286 2443 ltnssun
305 2418 364 2443 eltrt.

694 273 860 307 CCCLXIX.

410 355 564 389 Facetias
588 355 693 386 eidem
718 353 909 396 inquisitori
934 353 1089 393 iubendi,
1113 357 1149 386 ut

455 409 562 446 electio
605 407 745 439 duorum
791 407 1149 450 compremissariorum

454 462 512 502 fiat
529 472 549 493 a
566 460 710 504 qualibet
737 460 862 503 linqua,
881 459 930 492 vet
949 459 987 492 ab
1008 460 1085 492 aliis
1102 461 1150 493 in-

453 514 629 557 corporatis
650 513 684 545 in
705 512 849 556 capituto
872 523 929 556 per
948 517 1066 546 secreta
1085 514 1150 556 suf-

453 567 573 609 frassia,
594 571 651 598 etc.
666 565 684 598 ¹.

410 646 522 673 Dilecto
542 646 605 672 filio
624 646 767 681 magistro
786 645 933 674 Ludovico
954 646 1148 681 Serristorio,

445 690 476 716 in
496 689 624 723 utraque
640 690 796 725 signatura
811 689 916 718 nostrii
935 691 1148 724 referendario,

444 735 614 762 haereticae
633 735 795 768 pravitatis
816 735 847 762 in
868 735 969 763 insula
998 735 1150 763 Melitensi

446 779 618 812 inquisitori
638 780 783 814 generali,

622 833 757 861 Urbanus
778 834 857 868 Papa
875 833 950 861 vm.

676 895 794 923 Dilecte
823 896 884 930 fili,

459 941 587 967 salutem
601 943 632 967 et
647 940 841 974 apostolicam
855 941 1103 969 benedictionem.

455 1022 470 1062 ζ
500 1019 523 1051 l.
549 1020 663 1063 Nuper,
690 1019 783 1051 certis
815 1019 853 1052 de
883 1019 985 1052 causis
1009 1019 1149 1053 animum

411 1078 553 1106 nostrum
578 1073 787 1113 moventibus,
801 1074 1044 1106 celebrationem
1071 1074 1151 1118 capi-

412 1126 466 1158 tuli
481 1126 636 1168 generalis
650 1126 782 1159 fratrum
797 1127 960 1170 hospitalis
977 1127 1005 1160 S.
1027 1126 1150 1160 Ioannis

412 1179 686 1220 l‘IIerosolimitani,
709 1179 746 1211 ad
767 1179 956 1212 dominicam
982 1180 1149 1213 secundam

411 1234 503 1275 (quae
529 1232 586 1265 suit
610 1232 659 1265 die
677 1242 726 1264 ⁴xlv
745 1232 862 1265 mensis
879 1232 988 1276 aprilis
1004 1233 1150 1277 proxime

411 1285 583 1328 praeteriti)
610 1285 717 1328 rigore
741 1285 949 1329 quarumdam
974 1286 1151 1319 litterarum

411 1345 591 1372 nostrarum
608 1339 638 1371 in
656 1339 749 1372 simili
763 1341 864 1372 l'orma
878 1340 984 1373 Brevis
997 1340 1151 1384 expedita-

411 1392 503 1426 rum‘3
515 1393 673 1435 indictam,
691 1393 729 1425 ad
750 1392 832 1425 diem
850 1393 1017 1437 septimam
1034 1394 1151 1428 mensis

412 1446 550 1480 octobris
567 1446 742 1490 praesentis
756 1446 827 1479 anni
847 1456 984 1487 unexxx,
998 1446 1099 1479 firmis
1120 1448 1152 1480 in

413 1499 543 1543 reliquis
568 1499 802 1532 remanentibus
827 1499 943 1532 eisdem
968 1500 1084 1533 nostris
1107 1500 1152 1534 lit-

412 1553 497 1594 teris,
515 1553 688 1597 apostolica
706 1553 888 1586 austeritate
909 1553 1104 1587 extendimus
1122 1560 1151 1587 et

413 1607 677 1650 prorogavimus,
701 1612 795 1650 prout
827 1607 858 1639 in
882 1606 950 1640 aliis
980 1607 1096 1640 nostris
1120 1607 1151 1640 in

412 1660 522 1694 eadem
555 1660 656 1693 forma
683 1660 787 1693 Brevis
823 1661 975 1704 expeditis
1007 1660 1118 1694 litteris
1130 1661 1151 1702 ³,

415 1724 548 1756 qimi-um
574 1718 699 1746 tenores
723 1713 939 1757 praesentibus
963 1713 1074 1746 haberi
1099 1725 1151 1747 vo·

414 1767 518 1799 lumus
542 1777 601 1810 pro
627 1766 797 1809 expressis,
822 1766 943 1809 plenius
965 1766 1150 1800 continetur.

457 1819 472 1862 ἓ
496 1819 525 1851 2.
552 1820 588 1851 Et
601 1819 759 1862 quoniam,
782 1819 866 1851 iuxta
890 1819 1150 1862 primodictarum

413 1877 591 1905 nostrarum
610 1872 785 1905 litterarum
804 1873 938 1905 sormam
953 1877 983 1905 et
999 1878 1151 1913 tenorem,

413 1926 443 1957 in
471 1925 554 1958 dieto
579 1925 716 1969 capitulo
741 1925 802 1958 duo
827 1925 964 1958 eiusdem
990 1925 1152 1970 hospitalis

413 1980 525 2011 fratres
549 1989 607 2022 pro
632 1978 769 2022 qualibet
793 1979 909 2021 lingua,
923 1979 961 2011 ad
986 1989 1151 2012 numerum

413 2032 591 2072 sexdecim,
620 2032 672 2075 qui
705 2032 970 2076 compromissarii
996 2033 1151 2074 existunt,

415 2085 655 2125 conficiendum,
676 2085 810 2128 eligendi
837 2090 924 2118 sunt:
942 2086 1060 2119 idcirco
1084 2086 1150 2128 tibi,

414 2149 508 2183 quem
544 2139 575 2171 in
606 2139 790 2172 eorumdem
821 2139 977 2172 sexdecim
999 2150 1148 2183 compro-

415 2192 632 2225 missariorum
657 2197 766 2226 nostro
792 2198 821 2225 et
838 2193 1037 2236 Apostolicae
1065 2193 1152 2226 Sedis

414 2246 541 2280 nomine
566 2246 795 2290 praesidentem
821 2246 1048 2289 deputavimus,
1069 2247 1153 2290 quod

415 2300 549 2332 duorum
571 2299 703 2331 fratrum
728 2298 908 2332 huiusmodi
929 2299 1040 2332 electio
1056 2310 1072 2331 a
1090 2301 1153 2333 tota

415 2354 533 2397 lingua,
554 2353 600 2386 rel
627 2353 665 2385 ab
691 2353 727 2385 iis
752 2357 893 2393 tantum,
918 2358 952 2385 ut
977 2353 1074 2386 moris
1098 2358 1153 2394 est,

416 2407 469 2451 qui
493 2407 524 2440 in
549 2406 660 2440 eodem
679 2406 814 2451 capitulo
839 2407 1030 2451 incorporati
1052 2412 1153 2448 erunt,

416 2462 489 2501 ssat3

453 2541 465 2567 ’1
484 2540 522 2567 Ex
537 2540 644 2574 Regest.
660 2540 688 2567 in
703 2540 803 2567 Secret.
820 2539 897 2567 Brev.

450 2585 466 2612 2
487 2585 541 2612 Hae
561 2586 663 2621 primae
678 2585 790 2617 litterae
810 2585 909 2612 desunt
927 2585 965 2620 (n.
982 2586 1029 2620 Τ.).

451 2630 467 2657 3
486 2631 627 2658 Secundae
647 2638 756 2666 quoque
776 2630 882 2659 litterae
901 2629 998 2659 desunt
1017 2629 1053 2665 (n.
1069 2629 1117 2664 Τ.).

988 224 1165 249 BULLARIUM
1189 223 1341 248 ROMANUM

1932 225 1981 251 An.
1997 226 2026 252 C.
2050 226 2117 253 1630

1226 272 1241 315 ξ
1263 271 1292 305 3.
1317 271 1355 305 Et
1379 276 1441 305 tam
1459 272 1484 305 is
1501 282 1593 316 quam
1617 273 1696 306 alius
1721 272 1832 306 modus
1863 283 1919 317 per
1980 287 2020 308 Per
2035 290 2117 308 sacrem

1182 331 1303 359 secreta
1319 326 1477 369 suffragia,
1491 331 1585 370 prout
1602 327 1718 360 eisdem
1736 327 1848 360 litteris
1864 337 1919 360 no·
1935 314 2117 372 ssfflffiic‘fffffsssssst

1183 378 1255 411 stris
1279 384 1415 421 cavetur,
1434 379 1578 413 similiter
1594 380 1658 420 fiat,
1675 385 1799 424 sumpto
1817 385 1919 413 tamen
1935 367 2119 414 ἕῖἒὲῖῗιῖἷῖἶεῖἶὲ

1183 432 1270 476 prius
1287 432 1325 464 ab
1346 432 1408 465 illis
1432 433 1627 467 sanctissimo
1646 433 1861 467 Eucharistiae
1878 444 1921 466 sa-
1935 422 2048 441 “dmum

1183 490 1355 525 eramento,
1372 495 1407 519 ac
1425 486 1574 529 praestito
1591 486 1729 530 praecise
1747 486 1921 519 iuramento

1183 539 1220 572 de
1245 538 1421 583 aptioribus
1445 539 1618 582 eligendis,
1639 545 1668 573 et
1692 539 1723 572 in
1755 539 1920 581 omnibus,

1183 597 1277 636 prout
1301 596 1344 633 tu,
1368 591 1418 625 cui
1442 592 1570 634 modus,
1598 592 1651 636 qui
1683 592 1715 625 in
1746 592 1830 625 dicta
1854 593 1922 625 ele—

1184 645 1286 679 ctione
1311 645 1429 678 servari
1454 644 1574 688 debeat,
1595 645 1856 689 praescribendus
1876 657 1922 679 re

1184 699 1347 742 linquitur,
1366 698 1479 732 melius
1504 698 1535 731 in
1555 699 1689 733 Domino
1708 699 1856 743 expedire
1878 699 1923 732 iu-

1184 751 1357 794 dicaveris,
1389 751 1572 785 auctoritate
1606 753 1715 785 nostra
1750 752 1921 796 apostolica

1184 804 1352 838 mandandi
1377 805 1569 847 facultatem,
1595 805 1702 838 eadem
1729 805 1923 847 auctoritate,

1186 864 1294 897 tenore
1317 859 1554 903 praesentium,
1580 858 1781 892 concedimus
1805 864 1835 892 et
1859 859 1919 892 im-

1184 912 1347 956 pertimui:

1228 965 1296 1009 §4
1333 966 1401 999 Non
1433 964 1628 999 obstantibus
1663 964 1809 998 omnibus
1841 965 1922 1006 illis,

1184 1028 1264 1062 quac
1281 1018 1312 1051 in
1332 1018 1529 1063 primodictis
1553 1018 1664 1051 litteris
1686 1018 1803 1051 nostris
1823 1018 1922 1052 volui-

1185 1083 1253 1105 mus
1267 1082 1329 1105 non
1343 1073 1479 1114 obstare,
1493 1072 1666 1116 ceterisque
1680 1072 1845 1106 contrariis
1858 1073 1922 1116 qui-

1184 1126 1387 1170 buscumquc.

1228 1179 1339 1212 Datum
1350 1180 1477 1220 Romae,
1487 1179 1571 1223 apud
1583 1179 1611 1212 S.
1622 1179 1748 1212 Mariam
1763 1179 1921 1220 Maiorem,

1185 1233 1242 1265 sub
1277 1234 1393 1266 annulo
1432 1233 1619 1273 piscatoris,
1650 1233 1699 1266 die
1730 1243 1761 1265 rt
1798 1232 1922 1275 augusti

1186 1296 1326 1327 nncxxx,
1347 1286 1546 1330 pontificatus
1572 1287 1680 1327 nostri,
1706 1297 1787 1319 anno
1812 1297 1876 1319 vnl.

1220 1348 1277 1377 Dat.
1297 1349 1340 1376 die
1360 1349 1376 1376 6
1391 1349 1497 1384 augusti
1517 1349 1592 1383 1630,
1612 1349 1708 1384 pontis.
1726 1357 1797 1376 anno
1813 1355 1868 1376 vlu.

1971 979 2064 1004 nerogat
2082 979 2120 1000 ob-

1936 1006 2048 1027 stantibus

1477 1491 1631 1526 CCCLXX.

1186 1572 1341 1605 Facuttus
1377 1572 1480 1605 eidem
1514 1573 1707 1616 inquisitori
1741 1574 1924 1606 conceditur

1229 1625 1427 1658 nominandi
1450 1625 1605 1658 sexdecim
1629 1626 1925 1669 conwromissarios

1230 1678 1350 1721 absque
1371 1679 1626 1722 participatione
1656 1679 1791 1721 linquae
1805 1683 1863 1712 aut
1879 1679 1926 1712 in-

1230 1736 1473 1774 corporatorum
1497 1732 1533 1764 in
1558 1731 1710 1774 capituto,
1730 1732 1786 1775 qui
1804 1733 1850 1764 sic
1869 1742 1925 1765 no-

1230 1785 1351 1817 minati
1387 1784 1523 1818 habeant
1559 1784 1704 1817 eamdem
1735 1785 1925 1827 facultatem

1230 1848 1330 1881 quam
1364 1838 1482 1870 habent
1513 1838 1677 1870 nominati
1701 1848 1721 1870 α
1745 1838 1920 1881 capituto¹.

1186 1926 1302 1954 Dilecto
1322 1926 1384 1953 filio
1404 1926 1546 1960 magistro
1575 1925 1723 1953 Ludovico
1752 1925 1926 1954 Serristorio

1220 1972 1251 1999 in
1272 1971 1399 2006 utraque
1419 1971 1575 2006 signatura
1591 1971 1695 1998 nostre
1713 1971 1924 2005 referendario,

1221 2016 1393 2044 haereticae
1413 2015 1572 2050 pravitatis
1593 2015 1623 2042 in
1644 2014 1745 2042 insula
1773 2015 1925 2043 Melitensi

1222 2060 1397 2094 inquisitori
1417 2060 1562 2094 generali,

1391 2113 1528 2140 Urbanus
1549 2112 1628 2146 Papa
1648 2113 1724 2140 vul.

1468 2174 1583 2202 Dilecte
1599 2174 1657 2207 fili,

1232 2219 1361 2246 salutem
1377 2221 1408 2246 et
1424 2218 1620 2253 apostolicam
1635 2219 1880 2247 benedictionem.

1231 2300 1246 2342 ἓ
1270 2299 1299 2332 l.
1323 2298 1498 2343 ,Cupientes
1522 2309 1677 2343 prospero
1704 2300 1850 2344 felicique
1874 2311 1924 2334 ca·
1949 2308 2124 2339 t'acultasinquit

1187 2352 1275 2396 pituli
1293 2351 1448 2395 generalis
1463 2351 1595 2385 fratrum
1610 2353 1772 2397 hospitalis
1788 2354 1817 2387 S.
1839 2335 2125 2398 10:111-{3'53323333

1187 2405 1235 2438 nis
1260 2405 1535 2449 Hierosolymitani
1561 2405 1610 2438 die
1634 2416 1678 2439 vn
1703 2407 1819 2439 mensis
1842 2393 2094 2440 octo-m⁰m¹³⁵³”⁰⁵'

1188 2458 1254 2491 bris
1278 2459 1421 2502 proxime
1444 2459 1541 2491 futuri
1565 2459 1768 2493 benedicente
1792 2459 1924 2493 Domino

1187 2511 1367 2545 celebrandi
1392 2512 1571 2552 successui,
1595 2518 1745 2556 quantum
1771 2523 1841 2546 cum
1865 2513 1924 2546 Do-

1189 2565 1273 2598 mino
1293 2575 1471 2609 possumus,
1485 2565 1662 2609 providere,
1676 2566 1742 2608 tibi,
1760 2576 1854 2610 quem
1870 2566 1923 2600 ho-

1224 2629 1235 2655 1
1253 2627 1291 2656 Ex
1307 2627 1413 2664 Regest.
1430 2628 1457 2656 in
1472 2627 1572 2657 Secret.
1589 2627 1666 2656 Brev.
