<?xml version="1.0" encoding="UTF-8"?>
<!DOCTYPE html PUBLIC "-//W3C//DTD XHTML 1.0 Transitional//EN"
    "http://www.w3.org/TR/xhtml1/DTD/xhtml1-transitional.dtd">
<html xmlns="http://www.w3.org/1999/xhtml" xml:lang="en" lang="en">
 <head>
  <title>
</title>
<meta http-equiv="Content-Type" content="text/html;charset=utf-8" />
  <meta name='ocr-system' content='tesseract 3.04.00' />
  <meta name='ocr-capabilities' content='ocr_page ocr_carea ocr_par ocr_line ocrx_word'/>
</head>
<body>
  <div class='ocr_page' id='page_1' title='image "./bullarumdiplomat14cath_0691.png"; bbox 0 0 2248 3229; ppageno 0'>
   <div class='ocr_carea' id='block_1_1' title="bbox 68 229 253 260">
    <p class='ocr_par' dir='ltr' id='par_1_1' title="bbox 68 229 253 260">
     <span class='ocr_line' id='line_1_1' title="bbox 68 229 253 260; baseline -0.016 0"><span class='ocrx_word' id='word_1_1' title='bbox 68 232 118 260; x_wconf 77' lang='lat' dir='ltr'>An.</span> <span class='ocrx_word' id='word_1_2' title='bbox 138 231 166 258; x_wconf 80' lang='lat' dir='ltr'>G.</span> <span class='ocrx_word' id='word_1_3' title='bbox 187 229 253 258; x_wconf 68' lang='lat'><strong>¹537</strong></span> 
     </span>
    </p>
   </div>
   <div class='ocr_carea' id='block_1_2' title="bbox 267 225 1039 2522">
    <p class='ocr_par' dir='ltr' id='par_1_2' title="bbox 267 225 1022 374">
     <span class='ocr_line' id='line_1_2' title="bbox 881 225 1022 249; baseline 0 -1"><span class='ocrx_word' id='word_1_4' title='bbox 881 225 1022 249; x_wconf 73' lang='lat' dir='ltr'>ruuxxrs</span> 
     </span>
     <span class='ocr_line' id='line_1_3' title="bbox 267 273 1009 323; baseline -0.007 -12"><span class='ocrx_word' id='word_1_5' title='bbox 267 276 350 323; x_wconf 88' lang='lat' dir='ltr'>quod</span> <span class='ocrx_word' id='word_1_6' title='bbox 363 276 389 311; x_wconf 91' lang='lat' dir='ltr'>si</span> <span class='ocrx_word' id='word_1_7' title='bbox 403 275 568 320; x_wconf 81' lang='lat' dir='ltr'>contigetit</span> <span class='ocrx_word' id='word_1_8' title='bbox 590 285 688 309; x_wconf 90' lang='lat' dir='ltr'>unum</span> <span class='ocrx_word' id='word_1_9' title='bbox 709 280 738 308; x_wconf 90' lang='lat' dir='ltr'>et</span> <span class='ocrx_word' id='word_1_10' title='bbox 756 274 900 308; x_wconf 84' lang='lat' dir='ltr'>eumdem</span> <span class='ocrx_word' id='word_1_11' title='bbox 916 273 1009 306; x_wconf 90' lang='lat' dir='ltr'>simul</span> 
     </span>
     <span class='ocr_line' id='line_1_4' title="bbox 268 327 1010 374; baseline -0.005 -10"><span class='ocrx_word' id='word_1_12' title='bbox 268 343 284 364; x_wconf 88' lang='lat' dir='ltr'>a</span> <span class='ocrx_word' id='word_1_13' title='bbox 309 330 429 364; x_wconf 89' lang='lat' dir='ltr'>duabus</span> <span class='ocrx_word' id='word_1_14' title='bbox 455 329 628 374; x_wconf 79' lang='lat' dir='ltr'>piovinciis</span> <span class='ocrx_word' id='word_1_15' title='bbox 653 329 714 372; x_wconf 85' lang='lat' dir='ltr'>elig</span> <span class='ocrx_word' id='word_1_16' title='bbox 695 329 736 371; x_wconf 68' lang='lat' dir='ltr'>fri,</span> <span class='ocrx_word' id='word_1_17' title='bbox 763 327 898 361; x_wconf 85' lang='lat' dir='ltr'>vicarius</span> <span class='ocrx_word' id='word_1_18' title='bbox 920 337 1010 370; x_wconf 81' lang='lat' dir='ltr'>genc-</span> 
     </span>
    </p>

    <p class='ocr_par' dir='ltr' id='par_1_3' title="bbox 268 380 1010 427">
     <span class='ocr_line' id='line_1_5' title="bbox 268 380 1010 427; baseline -0.008 -8"><span class='ocrx_word' id='word_1_19' title='bbox 268 385 342 419; x_wconf 88' lang='lat' dir='ltr'>ralis</span> <span class='ocrx_word' id='word_1_20' title='bbox 366 395 438 418; x_wconf 89' lang='lat' dir='ltr'>cum</span> <span class='ocrx_word' id='word_1_21' title='bbox 463 383 680 417; x_wconf 72' lang='lat' dir='ltr'>assistentibus</span> <span class='ocrx_word' id='word_1_22' title='bbox 705 382 742 416; x_wconf 85' lang='lat' dir='ltr'>de</span> <span class='ocrx_word' id='word_1_23' title='bbox 761 381 945 427; x_wconf 71' lang='lat' dir='ltr'>provinciali</span> <span class='ocrx_word' id='word_1_24' title='bbox 970 380 1010 427; x_wconf 86' lang='lat' dir='ltr'>al·</span> 
     </span>
    </p>

    <p class='ocr_par' dir='ltr' id='par_1_4' title="bbox 269 423 1028 963">
     <span class='ocr_line' id='line_1_6' title="bbox 269 423 1011 483; baseline -0.008 -11"><span class='ocrx_word' id='word_1_25' title='bbox 269 439 366 473; x_wconf 89' lang='lat' dir='ltr'>terius</span> <span class='ocrx_word' id='word_1_26' title='bbox 391 438 570 483; x_wconf 85' lang='lat' dir='ltr'>provinciae</span> <span class='ocrx_word' id='word_1_27' title='bbox 596 436 789 482; x_wconf 83' lang='lat' dir='ltr'>providebit·,</span> <span class='ocrx_word' id='word_1_28' title='bbox 819 423 1011 469; x_wconf 82' lang='lat' dir='ltr'>constitutio-</span> 
     </span>
     <span class='ocr_line' id='line_1_7' title="bbox 269 488 1008 526; baseline -0.009 1"><span class='ocrx_word' id='word_1_29' title='bbox 269 503 324 526; x_wconf 90' lang='lat' dir='ltr'>nes</span> <span class='ocrx_word' id='word_1_30' title='bbox 355 502 476 526; x_wconf 87' lang='lat' dir='ltr'>necnon</span> <span class='ocrx_word' id='word_1_31' title='bbox 509 490 735 525; x_wconf 72' lang='lat' dir='ltr'>caeremoniale</span> <span class='ocrx_word' id='word_1_32' title='bbox 771 490 809 522; x_wconf 89' lang='lat' dir='ltr'>ad</span> <span class='ocrx_word' id='word_1_33' title='bbox 846 488 1008 522; x_wconf 88' lang='lat' dir='ltr'>meliorem</span> 
     </span>
     <span class='ocr_line' id='line_1_8' title="bbox 269 541 1010 585; baseline -0.009 -5"><span class='ocrx_word' id='word_1_34' title='bbox 269 547 402 580; x_wconf 84' lang='lat' dir='ltr'>sormam</span> <span class='ocrx_word' id='word_1_35' title='bbox 429 545 628 585; x_wconf 76' lang='lat' dir='ltr'>reducantur,</span> <span class='ocrx_word' id='word_1_36' title='bbox 654 550 682 577; x_wconf 92' lang='lat' dir='ltr'>et</span> <span class='ocrx_word' id='word_1_37' title='bbox 707 544 745 576; x_wconf 88' lang='lat' dir='ltr'>ad</span> <span class='ocrx_word' id='word_1_38' title='bbox 770 544 830 577; x_wconf 86' lang='lat' dir='ltr'>hoc</span> <span class='ocrx_word' id='word_1_39' title='bbox 857 541 1010 575; x_wconf 87' lang='lat' dir='ltr'>nominati</span> 
     </span>
     <span class='ocr_line' id='line_1_9' title="bbox 269 595 1028 643; baseline -0.008 -11"><span class='ocrx_word' id='word_1_40' title='bbox 269 604 299 632; x_wconf 85' lang='lat' dir='ltr'>et</span> <span class='ocrx_word' id='word_1_41' title='bbox 323 598 462 643; x_wconf 90' lang='lat' dir='ltr'>deputati</span> <span class='ocrx_word' id='word_1_42' title='bbox 487 598 549 631; x_wconf 88' lang='lat' dir='ltr'>sint</span> <span class='ocrx_word' id='word_1_43' title='bbox 573 597 675 630; x_wconf 87' lang='lat' dir='ltr'>dictus</span> <span class='ocrx_word' id='word_1_44' title='bbox 708 602 796 641; x_wconf 84' lang='lat' dir='ltr'>pater</span> <span class='ocrx_word' id='word_1_45' title='bbox 831 595 970 629; x_wconf 86' lang='lat' dir='ltr'>llilarion</span> <span class='ocrx_word' id='word_1_46' title='bbox 993 599 1028 626; x_wconf 57' lang='lat' dir='ltr'>al</span> 
     </span>
     <span class='ocr_line' id='line_1_10' title="bbox 270 648 1012 694; baseline -0.008 -8"><span class='ocrx_word' id='word_1_47' title='bbox 270 653 299 686; x_wconf 88' lang='lat' dir='ltr'>S.</span> <span class='ocrx_word' id='word_1_48' title='bbox 326 653 439 686; x_wconf 67' lang='lat' dir='ltr'>lli-sula</span> <span class='ocrx_word' id='word_1_49' title='bbox 465 651 599 685; x_wconf 83' lang='lat' dir='ltr'>vicarius</span> <span class='ocrx_word' id='word_1_50' title='bbox 623 650 790 694; x_wconf 77' lang='lat' dir='ltr'>generalis,</span> <span class='ocrx_word' id='word_1_51' title='bbox 815 654 902 694; x_wconf 89' lang='lat' dir='ltr'>pater</span> <span class='ocrx_word' id='word_1_52' title='bbox 926 648 1012 682; x_wconf 86' lang='lat' dir='ltr'>Gela-</span> 
     </span>
     <span class='ocr_line' id='line_1_11' title="bbox 270 701 1012 748; baseline -0.008 -9"><span class='ocrx_word' id='word_1_53' title='bbox 270 706 335 739; x_wconf 87' lang='lat' dir='ltr'>sius</span> <span class='ocrx_word' id='word_1_54' title='bbox 358 715 375 738; x_wconf 89' lang='lat' dir='ltr'>a</span> <span class='ocrx_word' id='word_1_55' title='bbox 401 705 527 738; x_wconf 85' lang='lat' dir='ltr'>nomine</span> <span class='ocrx_word' id='word_1_56' title='bbox 554 705 622 738; x_wconf 88' lang='lat' dir='ltr'>lesu</span> <span class='ocrx_word' id='word_1_57' title='bbox 647 708 836 748; x_wconf 87' lang='lat' dir='ltr'>procurator</span> <span class='ocrx_word' id='word_1_58' title='bbox 855 701 1012 746; x_wconf 77' lang='lat' dir='ltr'>generalis</span> 
     </span>
     <span class='ocr_line' id='line_1_12' title="bbox 272 755 1011 803; baseline -0.007 -11"><span class='ocrx_word' id='word_1_59' title='bbox 272 759 438 799; x_wconf 73' lang='lat' dir='ltr'>franciae,</span> <span class='ocrx_word' id='word_1_60' title='bbox 471 763 562 803; x_wconf 88' lang='lat' dir='ltr'>pater</span> <span class='ocrx_word' id='word_1_61' title='bbox 586 758 750 802; x_wconf 63' lang='lat' dir='ltr'>Dionysius</span> <span class='ocrx_word' id='word_1_62' title='bbox 775 768 791 789; x_wconf 89' lang='lat' dir='ltr'>a</span> <span class='ocrx_word' id='word_1_63' title='bbox 816 756 845 790; x_wconf 86' lang='lat' dir='ltr'>S.</span> <span class='ocrx_word' id='word_1_64' title='bbox 872 755 1011 795; x_wconf 58' lang='lat' dir='ltr'>Monte-a,</span> 
     </span>
     <span class='ocr_line' id='line_1_13' title="bbox 271 808 1013 858; baseline -0.008 -11"><span class='ocrx_word' id='word_1_65' title='bbox 271 818 359 858; x_wconf 87' lang='lat' dir='ltr'>pater</span> <span class='ocrx_word' id='word_1_66' title='bbox 383 812 520 857; x_wconf 74' lang='lat' dir='ltr'>Raphael</span> <span class='ocrx_word' id='word_1_67' title='bbox 541 822 558 845; x_wconf 92' lang='lat' dir='ltr'>a</span> <span class='ocrx_word' id='word_1_68' title='bbox 573 812 698 855; x_wconf 63' lang='lat' dir='ltr'>Virgine</span> <span class='ocrx_word' id='word_1_69' title='bbox 724 810 828 850; x_wconf 77' lang='lat' dir='ltr'>Maria,</span> <span class='ocrx_word' id='word_1_70' title='bbox 846 814 935 854; x_wconf 89' lang='lat' dir='ltr'>pater</span> <span class='ocrx_word' id='word_1_71' title='bbox 952 808 1013 842; x_wconf 69' lang='lat' dir='ltr'>Ati-</span> 
     </span>
     <span class='ocr_line' id='line_1_14' title="bbox 271 863 1014 911; baseline -0.007 -11"><span class='ocrx_word' id='word_1_72' title='bbox 271 867 340 911; x_wconf 90' lang='lat' dir='ltr'>pius</span> <span class='ocrx_word' id='word_1_73' title='bbox 354 866 446 899; x_wconf 85' lang='lat' dir='ltr'>etiam</span> <span class='ocrx_word' id='word_1_74' title='bbox 460 876 478 899; x_wconf 91' lang='lat' dir='ltr'>a</span> <span class='ocrx_word' id='word_1_75' title='bbox 496 865 623 909; x_wconf 57' lang='lat' dir='ltr'>Virgine</span> <span class='ocrx_word' id='word_1_76' title='bbox 643 864 753 904; x_wconf 75' lang='lat' dir='ltr'>Maria,</span> <span class='ocrx_word' id='word_1_77' title='bbox 767 863 947 897; x_wconf 75' lang='lat' dir='ltr'>assistentes</span> <span class='ocrx_word' id='word_1_78' title='bbox 963 872 1014 906; x_wconf 81' lang='lat' dir='ltr'>ge-</span> 
     </span>
     <span class='ocr_line' id='line_1_15' title="bbox 271 918 871 963; baseline -0.007 -10"><span class='ocrx_word' id='word_1_79' title='bbox 271 919 405 962; x_wconf 88' lang='lat' dir='ltr'>nerales,</span> <span class='ocrx_word' id='word_1_80' title='bbox 430 924 458 952; x_wconf 89' lang='lat' dir='ltr'>et</span> <span class='ocrx_word' id='word_1_81' title='bbox 485 918 657 963; x_wconf 87' lang='lat' dir='ltr'>approbari</span> <span class='ocrx_word' id='word_1_82' title='bbox 683 921 871 962; x_wconf 83' lang='lat' dir='ltr'>procurent:</span> 
     </span>
    </p>

    <p class='ocr_par' dir='ltr' id='par_1_5' title="bbox 272 971 1031 1275">
     <span class='ocr_line' id='line_1_16' title="bbox 316 971 1014 1013; baseline -0.007 -6"><span class='ocrx_word' id='word_1_83' title='bbox 316 974 370 1007; x_wconf 90' lang='lat' dir='ltr'>Die</span> <span class='ocrx_word' id='word_1_84' title='bbox 396 983 470 1006; x_wconf 89' lang='lat' dir='ltr'>vero</span> <span class='ocrx_word' id='word_1_85' title='bbox 495 983 526 1006; x_wconf 83' lang='lat' dir='ltr'>tv</span> <span class='ocrx_word' id='word_1_86' title='bbox 553 971 629 1013; x_wconf 88' lang='lat' dir='ltr'>iulii,</span> <span class='ocrx_word' id='word_1_87' title='bbox 655 971 727 1004; x_wconf 80' lang='lat' dir='ltr'>visis</span> <span class='ocrx_word' id='word_1_88' title='bbox 752 976 781 1004; x_wconf 92' lang='lat' dir='ltr'>ct</span> <span class='ocrx_word' id='word_1_89' title='bbox 806 973 928 1004; x_wconf 86' lang='lat' dir='ltr'>mature</span> <span class='ocrx_word' id='word_1_90' title='bbox 944 979 1014 1003; x_wconf 86' lang='lat' dir='ltr'>con-</span> 
     </span>
     <span class='ocr_line' id='line_1_17' title="bbox 272 1023 1015 1071; baseline -0.005 -11"><span class='ocrx_word' id='word_1_91' title='bbox 272 1027 417 1060; x_wconf 80' lang='lat' dir='ltr'>sideratis</span> <span class='ocrx_word' id='word_1_92' title='bbox 441 1037 458 1060; x_wconf 92' lang='lat' dir='ltr'>a</span> <span class='ocrx_word' id='word_1_93' title='bbox 482 1025 671 1071; x_wconf 85' lang='lat' dir='ltr'>supradictis</span> <span class='ocrx_word' id='word_1_94' title='bbox 688 1023 939 1069; x_wconf 78' lang='lat' dir='ltr'>praesidentibus</span> <span class='ocrx_word' id='word_1_95' title='bbox 956 1024 1015 1057; x_wconf 89' lang='lat' dir='ltr'>cle-</span> 
     </span>
     <span class='ocr_line' id='line_1_18' title="bbox 273 1077 1031 1124; baseline -0.005 -10"><span class='ocrx_word' id='word_1_96' title='bbox 273 1080 429 1114; x_wconf 89' lang='lat' dir='ltr'>ctionibus</span> <span class='ocrx_word' id='word_1_97' title='bbox 445 1079 647 1124; x_wconf 83' lang='lat' dir='ltr'>superiorum</span> <span class='ocrx_word' id='word_1_98' title='bbox 672 1083 702 1111; x_wconf 90' lang='lat' dir='ltr'>et</span> <span class='ocrx_word' id='word_1_99' title='bbox 722 1077 963 1112; x_wconf 78' lang='lat' dir='ltr'>definitoribus·</span> <span class='ocrx_word' id='word_1_100' title='bbox 983 1078 1013 1110; x_wconf 91' lang='lat' dir='ltr'>in</span> <span class='ocrx_word' id='word_1_101' title='bbox 1030 1094 1031 1097; x_wconf 38' lang='lat'>¹</span> 
     </span>
     <span class='ocr_line' id='line_1_19' title="bbox 273 1132 1014 1178; baseline -0.005 -11"><span class='ocrx_word' id='word_1_102' title='bbox 273 1133 410 1178; x_wconf 87' lang='lat' dir='ltr'>capitulo</span> <span class='ocrx_word' id='word_1_103' title='bbox 430 1132 596 1172; x_wconf 86' lang='lat' dir='ltr'>conclusis,</span> <span class='ocrx_word' id='word_1_104' title='bbox 612 1141 647 1165; x_wconf 91' lang='lat' dir='ltr'>ea</span> <span class='ocrx_word' id='word_1_105' title='bbox 666 1141 746 1176; x_wconf 87' lang='lat' dir='ltr'>quae</span> <span class='ocrx_word' id='word_1_106' title='bbox 763 1136 938 1175; x_wconf 90' lang='lat' dir='ltr'>sequuntur</span> <span class='ocrx_word' id='word_1_107' title='bbox 955 1141 1014 1175; x_wconf 87' lang='lat' dir='ltr'>pro</span> 
     </span>
     <span class='ocr_line' id='line_1_20' title="bbox 273 1184 1015 1221; baseline -0.004 -1"><span class='ocrx_word' id='word_1_108' title='bbox 273 1186 385 1221; x_wconf 87' lang='lat' dir='ltr'>maiori</span> <span class='ocrx_word' id='word_1_109' title='bbox 409 1186 556 1220; x_wconf 83' lang='lat' dir='ltr'>firmitate</span> <span class='ocrx_word' id='word_1_110' title='bbox 581 1190 610 1219; x_wconf 88' lang='lat' dir='ltr'>et</span> <span class='ocrx_word' id='word_1_111' title='bbox 635 1184 751 1219; x_wconf 84' lang='lat' dir='ltr'>robore</span> <span class='ocrx_word' id='word_1_112' title='bbox 783 1184 955 1218; x_wconf 85' lang='lat' dir='ltr'>decidenda</span> <span class='ocrx_word' id='word_1_113' title='bbox 985 1190 1015 1218; x_wconf 91' lang='lat' dir='ltr'>et</span> 
     </span>
     <span class='ocr_line' id='line_1_21' title="bbox 273 1239 721 1275; baseline -0.009 0"><span class='ocrx_word' id='word_1_114' title='bbox 273 1239 463 1275; x_wconf 83' lang='lat' dir='ltr'>declaranda</span> <span class='ocrx_word' id='word_1_115' title='bbox 488 1239 721 1273; x_wconf 87' lang='lat' dir='ltr'>iudicaverunt:</span> 
     </span>
    </p>

    <p class='ocr_par' dir='ltr' id='par_1_6' title="bbox 274 1291 1016 1447">
     <span class='ocr_line' id='line_1_22' title="bbox 318 1291 1015 1336; baseline -0.004 -9"><span class='ocrx_word' id='word_1_116' title='bbox 318 1304 338 1328; x_wconf 91' lang='lat'>1.</span> <span class='ocrx_word' id='word_1_117' title='bbox 369 1293 567 1327; x_wconf 87' lang='lat' dir='ltr'>Provinciam</span> <span class='ocrx_word' id='word_1_118' title='bbox 593 1292 775 1326; x_wconf 78' lang='lat' dir='ltr'>Provinciae</span> <span class='ocrx_word' id='word_1_119' title='bbox 805 1291 944 1336; x_wconf 88' lang='lat' dir='ltr'>primum</span> <span class='ocrx_word' id='word_1_120' title='bbox 970 1292 1015 1325; x_wconf 92' lang='lat' dir='ltr'>lo-</span> 
     </span>
     <span class='ocr_line' id='line_1_23' title="bbox 274 1345 1016 1391; baseline -0.004 -10"><span class='ocrx_word' id='word_1_121' title='bbox 274 1358 346 1381; x_wconf 84' lang='lat' dir='ltr'>cum</span> <span class='ocrx_word' id='word_1_122' title='bbox 363 1347 445 1380; x_wconf 90' lang='lat' dir='ltr'>inter</span> <span class='ocrx_word' id='word_1_123' title='bbox 462 1345 642 1391; x_wconf 88' lang='lat' dir='ltr'>provincias</span> <span class='ocrx_word' id='word_1_124' title='bbox 661 1345 805 1380; x_wconf 86' lang='lat' dir='ltr'>oblinere</span> <span class='ocrx_word' id='word_1_125' title='bbox 823 1345 907 1378; x_wconf 87' lang='lat' dir='ltr'>iuxta</span> <span class='ocrx_word' id='word_1_126' title='bbox 919 1345 1016 1378; x_wconf 81' lang='lat' dir='ltr'>Breve</span> 
     </span>
     <span class='ocr_line' id='line_1_24' title="bbox 274 1401 502 1447; baseline -0.013 -11"><span class='ocrx_word' id='word_1_127' title='bbox 274 1401 480 1447; x_wconf 88' lang='lat' dir='ltr'>apostolicum</span> <span class='ocrx_word' id='word_1_128' title='bbox 495 1411 502 1441; x_wconf 84' lang='lat'><strong>;</strong></span> 
     </span>
    </p>

    <p class='ocr_par' dir='ltr' id='par_1_7' title="bbox 275 1453 1016 1655">
     <span class='ocr_line' id='line_1_25' title="bbox 320 1453 1015 1498; baseline -0.003 -10"><span class='ocrx_word' id='word_1_129' title='bbox 320 1465 351 1488; x_wconf 83' lang='grc' dir='ltr'>ιι.</span> <span class='ocrx_word' id='word_1_130' title='bbox 377 1454 568 1488; x_wconf 86' lang='lat' dir='ltr'>Electionem</span> <span class='ocrx_word' id='word_1_131' title='bbox 599 1453 716 1498; x_wconf 87' lang='lat' dir='ltr'>prioris</span> <span class='ocrx_word' id='word_1_132' title='bbox 741 1453 923 1486; x_wconf 75' lang='lat' dir='ltr'>Par-islensis</span> <span class='ocrx_word' id='word_1_133' title='bbox 947 1453 1015 1486; x_wconf 82' lang='lat' dir='ltr'>sieri</span> 
     </span>
     <span class='ocr_line' id='line_1_26' title="bbox 275 1506 1016 1552; baseline -0.001 -10"><span class='ocrx_word' id='word_1_134' title='bbox 275 1508 390 1542; x_wconf 83' lang='lat' dir='ltr'>debere</span> <span class='ocrx_word' id='word_1_135' title='bbox 415 1508 446 1541; x_wconf 89' lang='lat' dir='ltr'>in</span> <span class='ocrx_word' id='word_1_136' title='bbox 470 1507 605 1552; x_wconf 87' lang='lat' dir='ltr'>capitulo</span> <span class='ocrx_word' id='word_1_137' title='bbox 630 1506 837 1551; x_wconf 86' lang='lat' dir='ltr'>provinciali,</span> <span class='ocrx_word' id='word_1_138' title='bbox 865 1511 895 1541; x_wconf 89' lang='lat' dir='ltr'>et</span> <span class='ocrx_word' id='word_1_139' title='bbox 923 1507 954 1540; x_wconf 93' lang='lat' dir='ltr'>in</span> <span class='ocrx_word' id='word_1_140' title='bbox 979 1517 1016 1541; x_wconf 89' lang='lat' dir='ltr'>eo</span> 
     </span>
     <span class='ocr_line' id='line_1_27' title="bbox 276 1560 1015 1605; baseline -0.001 -10"><span class='ocrx_word' id='word_1_141' title='bbox 276 1562 462 1605; x_wconf 80' lang='lat' dir='ltr'>sum-agari,</span> <span class='ocrx_word' id='word_1_142' title='bbox 493 1571 555 1595; x_wconf 91' lang='lat' dir='ltr'>non</span> <span class='ocrx_word' id='word_1_143' title='bbox 581 1566 684 1593; x_wconf 86' lang='lat' dir='ltr'>autem</span> <span class='ocrx_word' id='word_1_144' title='bbox 725 1561 755 1593; x_wconf 91' lang='lat' dir='ltr'>in</span> <span class='ocrx_word' id='word_1_145' title='bbox 794 1560 931 1604; x_wconf 83' lang='lat' dir='ltr'>capitulo</span> <span class='ocrx_word' id='word_1_146' title='bbox 962 1572 1015 1605; x_wconf 77' lang='lat' dir='ltr'>ge-</span> 
     </span>
     <span class='ocr_line' id='line_1_28' title="bbox 276 1616 396 1655; baseline -0.025 -5"><span class='ocrx_word' id='word_1_147' title='bbox 276 1616 396 1655; x_wconf 87' lang='lat' dir='ltr'>nerali;</span> 
     </span>
    </p>

    <p class='ocr_par' dir='ltr' id='par_1_8' title="bbox 277 1668 1019 2036">
     <span class='ocr_line' id='line_1_29' title="bbox 321 1668 1017 1710; baseline -0.001 -7"><span class='ocrx_word' id='word_1_148' title='bbox 321 1679 363 1704; x_wconf 87' lang='lat'>111.</span> <span class='ocrx_word' id='word_1_149' title='bbox 393 1668 504 1710; x_wconf 87' lang='lat' dir='ltr'>Quod,</span> <span class='ocrx_word' id='word_1_150' title='bbox 540 1678 603 1702; x_wconf 92' lang='lat' dir='ltr'>non</span> <span class='ocrx_word' id='word_1_151' title='bbox 638 1668 782 1702; x_wconf 84' lang='lat' dir='ltr'>obstante</span> <span class='ocrx_word' id='word_1_152' title='bbox 819 1668 1017 1702; x_wconf 83' lang='lat' dir='ltr'>restrictione</span> 
     </span>
     <span class='ocr_line' id='line_1_30' title="bbox 277 1722 1017 1768; baseline -0.003 -10"><span class='ocrx_word' id='word_1_153' title='bbox 277 1724 410 1758; x_wconf 87' lang='lat' dir='ltr'>duarum</span> <span class='ocrx_word' id='word_1_154' title='bbox 435 1722 691 1768; x_wconf 86' lang='lat' dir='ltr'>provinciarum,</span> <span class='ocrx_word' id='word_1_155' title='bbox 718 1722 867 1756; x_wconf 80' lang='lat' dir='ltr'>Franciac</span> <span class='ocrx_word' id='word_1_156' title='bbox 899 1723 1017 1756; x_wconf 89' lang='lat' dir='ltr'>scilicet</span> 
     </span>
     <span class='ocr_line' id='line_1_31' title="bbox 277 1775 1017 1822; baseline -0.003 -11"><span class='ocrx_word' id='word_1_157' title='bbox 277 1784 306 1811; x_wconf 90' lang='lat' dir='ltr'>et</span> <span class='ocrx_word' id='word_1_158' title='bbox 331 1777 554 1822; x_wconf 80' lang='lat' dir='ltr'>Delpliinatus,</span> <span class='ocrx_word' id='word_1_159' title='bbox 579 1786 615 1810; x_wconf 91' lang='lat' dir='ltr'>ac</span> <span class='ocrx_word' id='word_1_160' title='bbox 640 1775 832 1818; x_wconf 84' lang='lat' dir='ltr'>Provinciae,</span> <span class='ocrx_word' id='word_1_161' title='bbox 855 1776 1017 1820; x_wconf 88' lang='lat' dir='ltr'>provincia</span> 
     </span>
     <span class='ocr_line' id='line_1_32' title="bbox 279 1830 1018 1874; baseline 0 -10"><span class='ocrx_word' id='word_1_162' title='bbox 279 1831 428 1865; x_wconf 83' lang='lat' dir='ltr'>Franciae</span> <span class='ocrx_word' id='word_1_163' title='bbox 459 1835 489 1864; x_wconf 92' lang='lat' dir='ltr'>et</span> <span class='ocrx_word' id='word_1_164' title='bbox 512 1830 716 1874; x_wconf 86' lang='lat' dir='ltr'>Delphinatus</span> <span class='ocrx_word' id='word_1_165' title='bbox 751 1840 824 1863; x_wconf 87' lang='lat' dir='ltr'>suos</span> <span class='ocrx_word' id='word_1_166' title='bbox 856 1830 1018 1865; x_wconf 84' lang='lat' dir='ltr'>distinctos</span> 
     </span>
     <span class='ocr_line' id='line_1_33' title="bbox 279 1883 1019 1929; baseline -0.001 -10"><span class='ocrx_word' id='word_1_167' title='bbox 279 1885 428 1919; x_wconf 85' lang='lat' dir='ltr'>officiales</span> <span class='ocrx_word' id='word_1_168' title='bbox 441 1883 603 1928; x_wconf 81' lang='lat' dir='ltr'>generales</span> <span class='ocrx_word' id='word_1_169' title='bbox 616 1883 742 1916; x_wconf 88' lang='lat' dir='ltr'>habebit</span> <span class='ocrx_word' id='word_1_170' title='bbox 755 1894 812 1927; x_wconf 84' lang='lat' dir='ltr'>per</span> <span class='ocrx_word' id='word_1_171' title='bbox 825 1883 923 1918; x_wconf 86' lang='lat' dir='ltr'>Breve</span> <span class='ocrx_word' id='word_1_172' title='bbox 939 1885 1019 1929; x_wconf 81' lang='lat' dir='ltr'>Apo-</span> 
     </span>
     <span class='ocr_line' id='line_1_34' title="bbox 279 1936 1019 1981; baseline -0.001 -9"><span class='ocrx_word' id='word_1_173' title='bbox 279 1938 424 1972; x_wconf 89' lang='lat' dir='ltr'>stolicum</span> <span class='ocrx_word' id='word_1_174' title='bbox 449 1947 627 1978; x_wconf 86' lang='lat' dir='ltr'>concessos,</span> <span class='ocrx_word' id='word_1_175' title='bbox 651 1936 739 1981; x_wconf 82' lang='lat' dir='ltr'>quasi</span> <span class='ocrx_word' id='word_1_176' title='bbox 766 1942 869 1970; x_wconf 81' lang='lat' dir='ltr'>essent</span> <span class='ocrx_word' id='word_1_177' title='bbox 894 1937 952 1970; x_wconf 89' lang='lat' dir='ltr'>sub</span> <span class='ocrx_word' id='word_1_178' title='bbox 973 1938 1019 1971; x_wconf 90' lang='lat' dir='ltr'>di-</span> 
     </span>
     <span class='ocr_line' id='line_1_35' title="bbox 279 1989 900 2036; baseline -0.005 -11"><span class='ocrx_word' id='word_1_179' title='bbox 279 1991 398 2025; x_wconf 87' lang='lat' dir='ltr'>stinctis</span> <span class='ocrx_word' id='word_1_180' title='bbox 423 1990 667 2036; x_wconf 71' lang='lat' dir='ltr'>provincialibus</span> <span class='ocrx_word' id='word_1_181' title='bbox 691 1989 900 2033; x_wconf 61' lang='lat' dir='ltr'>gubernatam</span> 
     </span>
    </p>

    <p class='ocr_par' dir='ltr' id='par_1_9' title="bbox 281 2043 1039 2467">
     <span class='ocr_line' id='line_1_36' title="bbox 324 2043 1038 2087; baseline -0.003 -9"><span class='ocrx_word' id='word_1_182' title='bbox 324 2055 364 2079; x_wconf 85' lang='grc' dir='ltr'>ιν.</span> <span class='ocrx_word' id='word_1_183' title='bbox 389 2044 478 2085; x_wconf 89' lang='lat' dir='ltr'>Quod</span> <span class='ocrx_word' id='word_1_184' title='bbox 503 2044 654 2083; x_wconf 81' lang='lat' dir='ltr'>definitio,</span> <span class='ocrx_word' id='word_1_185' title='bbox 674 2054 735 2087; x_wconf 85' lang='lat' dir='ltr'>qua</span> <span class='ocrx_word' id='word_1_186' title='bbox 761 2043 949 2087; x_wconf 81' lang='lat' dir='ltr'>prohibetur</span> <span class='ocrx_word' id='word_1_187' title='bbox 974 2043 1038 2077; x_wconf 81' lang='lat' dir='ltr'>di-.</span> 
     </span>
     <span class='ocr_line' id='line_1_37' title="bbox 281 2097 1039 2143; baseline -0.005 -11"><span class='ocrx_word' id='word_1_188' title='bbox 281 2099 431 2132; x_wconf 89' lang='lat' dir='ltr'>visionem</span> <span class='ocrx_word' id='word_1_189' title='bbox 456 2097 690 2143; x_wconf 80' lang='lat' dir='ltr'>provinciarum</span> <span class='ocrx_word' id='word_1_190' title='bbox 721 2097 927 2141; x_wconf 80' lang='lat' dir='ltr'>imposterum</span> <span class='ocrx_word' id='word_1_191' title='bbox 952 2098 1039 2130; x_wconf 81' lang='lat' dir='ltr'>sieri.</span> 
     </span>
     <span class='ocr_line' id='line_1_38' title="bbox 281 2152 1020 2199; baseline -0.005 -12"><span class='ocrx_word' id='word_1_192' title='bbox 281 2164 382 2199; x_wconf 81' lang='lat' dir='ltr'>posse,</span> <span class='ocrx_word' id='word_1_193' title='bbox 401 2153 462 2186; x_wconf 88' lang='lat' dir='ltr'>nisi</span> <span class='ocrx_word' id='word_1_194' title='bbox 478 2152 516 2185; x_wconf 85' lang='lat' dir='ltr'>ad</span> <span class='ocrx_word' id='word_1_195' title='bbox 530 2152 633 2185; x_wconf 89' lang='lat' dir='ltr'>minus</span> <span class='ocrx_word' id='word_1_196' title='bbox 657 2152 718 2184; x_wconf 88' lang='lat' dir='ltr'>sint</span> <span class='ocrx_word' id='word_1_197' title='bbox 743 2157 814 2184; x_wconf 81' lang='lat' dir='ltr'>octo</span> <span class='ocrx_word' id='word_1_198' title='bbox 839 2156 1020 2194; x_wconf 84' lang='lat' dir='ltr'>conventus,</span> 
     </span>
     <span class='ocr_line' id='line_1_39' title="bbox 281 2205 1022 2251; baseline -0.005 -10"><span class='ocrx_word' id='word_1_199' title='bbox 281 2208 319 2242; x_wconf 88' lang='lat' dir='ltr'>sit</span> <span class='ocrx_word' id='word_1_200' title='bbox 343 2207 409 2241; x_wconf 82' lang='lat' dir='ltr'>sine</span> <span class='ocrx_word' id='word_1_201' title='bbox 433 2205 628 2251; x_wconf 87' lang='lat' dir='ltr'>praeiudicio</span> <span class='ocrx_word' id='word_1_202' title='bbox 652 2205 765 2238; x_wconf 88' lang='lat' dir='ltr'>harum</span> <span class='ocrx_word' id='word_1_203' title='bbox 791 2205 924 2238; x_wconf 88' lang='lat' dir='ltr'>duarum</span> <span class='ocrx_word' id='word_1_204' title='bbox 951 2216 1022 2250; x_wconf 90' lang='lat' dir='ltr'>pro-</span> 
     </span>
     <span class='ocr_line' id='line_1_40' title="bbox 283 2259 1021 2305; baseline -0.005 -9"><span class='ocrx_word' id='word_1_205' title='bbox 283 2262 467 2304; x_wconf 84' lang='lat' dir='ltr'>vinciarum,</span> <span class='ocrx_word' id='word_1_206' title='bbox 487 2270 565 2305; x_wconf 87' lang='lat' dir='ltr'>quas</span> <span class='ocrx_word' id='word_1_207' title='bbox 589 2269 670 2293; x_wconf 86' lang='lat' dir='ltr'>anno</span> <span class='ocrx_word' id='word_1_208' title='bbox 688 2269 814 2293; x_wconf 57' lang='grc' dir='ltr'>τιθῶ-,ιιι</span> <span class='ocrx_word' id='word_1_209' title='bbox 833 2269 959 2293; x_wconf 89' lang='lat' dir='ltr'>manere</span> <span class='ocrx_word' id='word_1_210' title='bbox 979 2259 1021 2293; x_wconf 91' lang='lat' dir='ltr'>di-</span> 
     </span>
     <span class='ocr_line' id='line_1_41' title="bbox 282 2313 1039 2359; baseline -0.005 -10"><span class='ocrx_word' id='word_1_211' title='bbox 282 2315 409 2349; x_wconf 87' lang='lat' dir='ltr'>stinctas</span> <span class='ocrx_word' id='word_1_212' title='bbox 438 2324 495 2359; x_wconf 85' lang='lat' dir='ltr'>per</span> <span class='ocrx_word' id='word_1_213' title='bbox 516 2318 697 2359; x_wconf 83' lang='lat' dir='ltr'>praesentes</span> <span class='ocrx_word' id='word_1_214' title='bbox 720 2313 929 2356; x_wconf 87' lang='lat' dir='ltr'>declaramus,</span> <span class='ocrx_word' id='word_1_215' title='bbox 950 2313 1039 2347; x_wconf 53' lang='lat' dir='ltr'>licet*</span> 
     </span>
     <span class='ocr_line' id='line_1_42' title="bbox 282 2366 1024 2415; baseline -0.005 -11"><span class='ocrx_word' id='word_1_216' title='bbox 282 2380 340 2415; x_wconf 87' lang='lat' dir='ltr'>pro</span> <span class='ocrx_word' id='word_1_217' title='bbox 364 2374 436 2403; x_wconf 91' lang='lat' dir='ltr'>tunc</span> <span class='ocrx_word' id='word_1_218' title='bbox 454 2368 484 2402; x_wconf 91' lang='lat' dir='ltr'>in</span> <span class='ocrx_word' id='word_1_219' title='bbox 501 2367 639 2412; x_wconf 84' lang='lat' dir='ltr'>qualibet</span> <span class='ocrx_word' id='word_1_220' title='bbox 663 2367 801 2412; x_wconf 86' lang='lat' dir='ltr'>ipsarum</span> <span class='ocrx_word' id='word_1_221' title='bbox 826 2366 940 2400; x_wconf 86' lang='lat' dir='ltr'>suerint</span> <span class='ocrx_word' id='word_1_222' title='bbox 959 2371 1024 2400; x_wconf 92' lang='lat' dir='ltr'>tan-</span> 
     </span>
     <span class='ocr_line' id='line_1_43' title="bbox 283 2422 726 2467; baseline -0.011 -10"><span class='ocrx_word' id='word_1_223' title='bbox 283 2431 346 2457; x_wconf 88' lang='lat' dir='ltr'>tum</span> <span class='ocrx_word' id='word_1_224' title='bbox 371 2422 510 2467; x_wconf 88' lang='lat' dir='ltr'>quinque</span> <span class='ocrx_word' id='word_1_225' title='bbox 534 2425 726 2455; x_wconf 89' lang='lat' dir='ltr'>conventus:</span> 
     </span>
    </p>

    <p class='ocr_par' dir='ltr' id='par_1_10' title="bbox 325 2474 1022 2522">
     <span class='ocr_line' id='line_1_44' title="bbox 325 2474 1022 2522; baseline -0.004 -12"><span class='ocrx_word' id='word_1_226' title='bbox 325 2477 341 2522; x_wconf 65' lang='lat' dir='ltr'><strong>g</strong></span> <span class='ocrx_word' id='word_1_227' title='bbox 365 2476 395 2510; x_wconf 78' lang='lat'><strong>3</strong></span> <span class='ocrx_word' id='word_1_228' title='bbox 419 2475 496 2510; x_wconf 89' lang='lat' dir='ltr'>Cum</span> <span class='ocrx_word' id='word_1_229' title='bbox 515 2479 630 2515; x_wconf 88' lang='lat' dir='ltr'>autem,</span> <span class='ocrx_word' id='word_1_230' title='bbox 648 2474 727 2508; x_wconf 89' lang='lat' dir='ltr'>sicut</span> <span class='ocrx_word' id='word_1_231' title='bbox 744 2474 852 2508; x_wconf 86' lang='lat' dir='ltr'>eadem</span> <span class='ocrx_word' id='word_1_232' title='bbox 871 2474 1022 2519; x_wconf 84' lang='lat' dir='ltr'>expositio</span> 
     </span>
    </p>
   </div>
   <div class='ocr_carea' id='block_1_3' title="bbox 1025 358 1039 2031">
    <p class='ocr_par' dir='ltr' id='par_1_11' title="bbox 1025 358 1039 2031">
     <span class='ocr_line' id='line_1_45' title="bbox 1025 358 1039 2031; baseline 0 0"><span class='ocrx_word' id='word_1_233' title='bbox 1025 358 1039 2031; x_wconf 95' lang='lat' dir='ltr'> </span> 
     </span>
    </p>
   </div>
   <div class='ocr_carea' id='block_1_4' title="bbox 203 2520 1041 2581">
    <p class='ocr_par' dir='ltr' id='par_1_12' title="bbox 203 2520 1041 2581">
     <span class='ocr_line' id='line_1_46' title="bbox 203 2520 1041 2581; baseline 0.005 -23"><span class='ocrx_word' id='word_1_234' title='bbox 203 2520 265 2557; x_wconf 53' lang='grc' dir='ltr'>,ζ’-ι-</span> <span class='ocrx_word' id='word_1_235' title='bbox 281 2529 500 2574; x_wconf 71' lang='lat' dir='ltr'>subiungebat,</span> <span class='ocrx_word' id='word_1_236' title='bbox 525 2528 708 2574; x_wconf 73' lang='lat' dir='ltr'>pmcmissa,</span> <span class='ocrx_word' id='word_1_237' title='bbox 732 2527 771 2561; x_wconf 87' lang='lat' dir='ltr'>ab</span> <span class='ocrx_word' id='word_1_238' title='bbox 795 2528 912 2562; x_wconf 84' lang='lat' dir='ltr'>eisdem</span> <span class='ocrx_word' id='word_1_239' title='bbox 932 2539 1041 2581; x_wconf 87' lang='lat' dir='ltr'>prae-</span> 
     </span>
    </p>
   </div>
   <div class='ocr_carea' id='block_1_5' title="bbox 281 2582 1041 2683">
    <p class='ocr_par' dir='ltr' id='par_1_13' title="bbox 281 2582 1041 2683">
     <span class='ocr_line' id='line_1_47' title="bbox 281 2582 1041 2627; baseline -0.007 -7"><span class='ocrx_word' id='word_1_240' title='bbox 281 2585 455 2619; x_wconf 87' lang='lat' dir='ltr'>sidentibus</span> <span class='ocrx_word' id='word_1_241' title='bbox 471 2589 500 2617; x_wconf 88' lang='lat' dir='ltr'>et</span> <span class='ocrx_word' id='word_1_242' title='bbox 517 2582 698 2617; x_wconf 81' lang='lat' dir='ltr'>definitorio</span> <span class='ocrx_word' id='word_1_243' title='bbox 719 2582 868 2626; x_wconf 86' lang='lat' dir='ltr'>generali,</span> <span class='ocrx_word' id='word_1_244' title='bbox 886 2588 919 2616; x_wconf 91' lang='lat' dir='ltr'>ut</span> <span class='ocrx_word' id='word_1_245' title='bbox 936 2592 1041 2627; x_wconf 80' lang='lat' dir='ltr'>prae-¹</span> 
     </span>
     <span class='ocr_line' id='line_1_48' title="bbox 317 2645 1020 2683; baseline -0.006 -8"><span class='ocrx_word' id='word_1_246' title='bbox 317 2647 328 2675; x_wconf 85' lang='lat'>1</span> <span class='ocrx_word' id='word_1_247' title='bbox 344 2646 451 2683; x_wconf 76' lang='lat' dir='ltr'>vetteg.</span> <span class='ocrx_word' id='word_1_248' title='bbox 463 2647 658 2681; x_wconf 29' lang='lat' dir='ltr'>definitormcm</span> <span class='ocrx_word' id='word_1_249' title='bbox 672 2645 953 2679; x_wconf 70' lang='lat' dir='ltr'>veldefinilt&#39;ombtw</span> <span class='ocrx_word' id='word_1_250' title='bbox 958 2652 974 2672; x_wconf 82' lang='lat' dir='ltr'>tt</span> <span class='ocrx_word' id='word_1_251' title='bbox 988 2645 1020 2679; x_wconf 86' lang='grc' dir='ltr'>Τ)</span> 
     </span>
    </p>
   </div>
   <div class='ocr_carea' id='block_1_6' title="bbox 1043 210 1792 1441">
    <p class='ocr_par' dir='ltr' id='par_1_14' title="bbox 1043 210 1791 1225">
     <span class='ocr_line' id='line_1_49' title="bbox 1044 210 1742 248; baseline -0.004 -1"><span class='ocrx_word' id='word_1_252' title='bbox 1044 224 1099 248; x_wconf 87' lang='lat' dir='ltr'>vm</span> <span class='ocrx_word' id='word_1_253' title='bbox 1122 224 1169 247; x_wconf 80' lang='lat' dir='ltr'>rr.</span> <span class='ocrx_word' id='word_1_254' title='bbox 1686 210 1742 244; x_wconf 64' lang='lat'>52¹¹</span> 
     </span>
     <span class='ocr_line' id='line_1_50' title="bbox 1043 268 1784 313; baseline -0.007 -7"><span class='ocrx_word' id='word_1_255' title='bbox 1043 273 1152 312; x_wconf 66' lang='lat' dir='ltr'>t&#39;ertur,</span> <span class='ocrx_word' id='word_1_256' title='bbox 1177 270 1330 313; x_wconf 88' lang='lat' dir='ltr'>ordinata,</span> <span class='ocrx_word' id='word_1_257' title='bbox 1350 271 1426 303; x_wconf 83' lang='lat' dir='ltr'>sacta</span> <span class='ocrx_word' id='word_1_258' title='bbox 1445 272 1473 304; x_wconf 88' lang='lat' dir='ltr'>et</span> <span class='ocrx_word' id='word_1_259' title='bbox 1493 268 1630 309; x_wconf 87' lang='lat' dir='ltr'>decreta,</span> <span class='ocrx_word' id='word_1_260' title='bbox 1650 268 1784 302; x_wconf 80' lang='lat' dir='ltr'>subinde</span> 
     </span>
     <span class='ocr_line' id='line_1_51' title="bbox 1043 322 1784 370; baseline -0.008 -11"><span class='ocrx_word' id='word_1_261' title='bbox 1043 336 1100 370; x_wconf 88' lang='lat' dir='ltr'>per</span> <span class='ocrx_word' id='word_1_262' title='bbox 1125 325 1269 358; x_wconf 90' lang='lat' dir='ltr'>eumdem</span> <span class='ocrx_word' id='word_1_263' title='bbox 1288 323 1491 358; x_wconf 87' lang='lat' dir='ltr'>Franciscum</span> <span class='ocrx_word' id='word_1_264' title='bbox 1509 322 1700 356; x_wconf 84' lang='lat' dir='ltr'>cardinalem</span> <span class='ocrx_word' id='word_1_265' title='bbox 1725 322 1784 355; x_wconf 83' lang='lat' dir='ltr'>sub</span> 
     </span>
     <span class='ocr_line' id='line_1_52' title="bbox 1043 375 1785 422; baseline -0.005 -10"><span class='ocrx_word' id='word_1_266' title='bbox 1043 382 1151 412; x_wconf 91' lang='lat' dir='ltr'>nostro</span> <span class='ocrx_word' id='word_1_267' title='bbox 1183 382 1211 412; x_wconf 88' lang='lat' dir='ltr'>et</span> <span class='ocrx_word' id='word_1_268' title='bbox 1241 378 1329 411; x_wconf 85' lang='lat' dir='ltr'>Sedis</span> <span class='ocrx_word' id='word_1_269' title='bbox 1358 377 1556 422; x_wconf 84' lang='lat' dir='ltr'>Apostolicae</span> <span class='ocrx_word' id='word_1_270' title='bbox 1586 375 1785 420; x_wconf 87' lang='lat' dir='ltr'>beneplacito</span> 
     </span>
     <span class='ocr_line' id='line_1_53' title="bbox 1043 430 1785 465; baseline -0.003 -1"><span class='ocrx_word' id='word_1_271' title='bbox 1043 432 1102 465; x_wconf 90' lang='lat' dir='ltr'>sub</span> <span class='ocrx_word' id='word_1_272' title='bbox 1121 432 1171 465; x_wconf 87' lang='lat' dir='ltr'>die</span> <span class='ocrx_word' id='word_1_273' title='bbox 1193 442 1201 465; x_wconf 91' lang='lat'>1</span> <span class='ocrx_word' id='word_1_274' title='bbox 1222 432 1338 465; x_wconf 82' lang='lat' dir='ltr'>mensis</span> <span class='ocrx_word' id='word_1_275' title='bbox 1361 431 1427 464; x_wconf 88' lang='lat' dir='ltr'>iulii</span> <span class='ocrx_word' id='word_1_276' title='bbox 1441 430 1513 464; x_wconf 85' lang='lat' dir='ltr'>anni</span> <span class='ocrx_word' id='word_1_277' title='bbox 1534 439 1694 465; x_wconf 75' lang='lat' dir='ltr'>uncxxxvt</span> <span class='ocrx_word' id='word_1_278' title='bbox 1712 439 1785 463; x_wconf 89' lang='lat' dir='ltr'>con-</span> 
     </span>
     <span class='ocr_line' id='line_1_54' title="bbox 1044 483 1786 529; baseline -0.003 -11"><span class='ocrx_word' id='word_1_279' title='bbox 1044 486 1169 519; x_wconf 84' lang='lat' dir='ltr'>firmata</span> <span class='ocrx_word' id='word_1_280' title='bbox 1202 491 1230 518; x_wconf 88' lang='lat' dir='ltr'>et</span> <span class='ocrx_word' id='word_1_281' title='bbox 1265 485 1437 529; x_wconf 87' lang='lat' dir='ltr'>approbata</span> <span class='ocrx_word' id='word_1_282' title='bbox 1473 484 1608 524; x_wconf 82' lang='lat' dir='ltr'>suerint;</span> <span class='ocrx_word' id='word_1_283' title='bbox 1644 483 1786 517; x_wconf 83' lang='lat' dir='ltr'>firmiora</span> 
     </span>
     <span class='ocr_line' id='line_1_55' title="bbox 1046 537 1786 582; baseline -0.003 -10"><span class='ocrx_word' id='word_1_284' title='bbox 1046 549 1120 572; x_wconf 83' lang='lat' dir='ltr'>vero</span> <span class='ocrx_word' id='word_1_285' title='bbox 1144 539 1205 572; x_wconf 88' lang='lat' dir='ltr'>sint</span> <span class='ocrx_word' id='word_1_286' title='bbox 1231 549 1276 579; x_wconf 89' lang='lat' dir='ltr'>ea,</span> <span class='ocrx_word' id='word_1_287' title='bbox 1303 549 1382 582; x_wconf 83' lang='lat' dir='ltr'>quae</span> <span class='ocrx_word' id='word_1_288' title='bbox 1406 543 1516 571; x_wconf 89' lang='lat' dir='ltr'>nostro</span> <span class='ocrx_word' id='word_1_289' title='bbox 1539 543 1570 570; x_wconf 92' lang='lat' dir='ltr'>et</span> <span class='ocrx_word' id='word_1_290' title='bbox 1593 537 1680 572; x_wconf 87' lang='lat' dir='ltr'>Sedis</span> <span class='ocrx_word' id='word_1_291' title='bbox 1704 538 1786 582; x_wconf 87' lang='lat' dir='ltr'>Apo-</span> 
     </span>
     <span class='ocr_line' id='line_1_56' title="bbox 1045 591 1786 636; baseline -0.001 -11"><span class='ocrx_word' id='word_1_292' title='bbox 1045 593 1122 626; x_wconf 84' lang='lat' dir='ltr'>licae</span> <span class='ocrx_word' id='word_1_293' title='bbox 1142 591 1315 625; x_wconf 89' lang='lat' dir='ltr'>munimine</span> <span class='ocrx_word' id='word_1_294' title='bbox 1333 596 1362 624; x_wconf 90' lang='lat' dir='ltr'>et</span> <span class='ocrx_word' id='word_1_295' title='bbox 1387 591 1563 636; x_wconf 86' lang='lat' dir='ltr'>patrocinio</span> <span class='ocrx_word' id='word_1_296' title='bbox 1578 591 1786 629; x_wconf 86' lang='lat' dir='ltr'>roborantur;</span> 
     </span>
     <span class='ocr_line' id='line_1_57' title="bbox 1046 643 1783 690; baseline -0.003 -12"><span class='ocrx_word' id='word_1_297' title='bbox 1046 650 1276 690; x_wconf 86' lang='lat' dir='ltr'>proptereaque</span> <span class='ocrx_word' id='word_1_298' title='bbox 1306 645 1407 678; x_wconf 87' lang='lat' dir='ltr'>dictus</span> <span class='ocrx_word' id='word_1_299' title='bbox 1441 644 1649 687; x_wconf 80' lang='lat' dir='ltr'>archangelus</span> <span class='ocrx_word' id='word_1_300' title='bbox 1681 643 1783 688; x_wconf 85' lang='lat' dir='ltr'>pluri-</span> 
     </span>
     <span class='ocr_line' id='line_1_58' title="bbox 1046 697 1786 742; baseline -0.001 -11"><span class='ocrx_word' id='word_1_301' title='bbox 1046 709 1132 731; x_wconf 90' lang='lat' dir='ltr'>mum</span> <span class='ocrx_word' id='word_1_302' title='bbox 1158 698 1263 742; x_wconf 87' lang='lat' dir='ltr'>cupiat</span> <span class='ocrx_word' id='word_1_303' title='bbox 1291 698 1342 731; x_wconf 90' lang='lat' dir='ltr'>illa</span> <span class='ocrx_word' id='word_1_304' title='bbox 1366 708 1423 742; x_wconf 89' lang='lat' dir='ltr'>per</span> <span class='ocrx_word' id='word_1_305' title='bbox 1446 708 1503 731; x_wconf 92' lang='lat' dir='ltr'>nos</span> <span class='ocrx_word' id='word_1_306' title='bbox 1523 702 1553 730; x_wconf 89' lang='lat' dir='ltr'>et</span> <span class='ocrx_word' id='word_1_307' title='bbox 1569 697 1681 730; x_wconf 74' lang='lat' dir='ltr'>sedern</span> <span class='ocrx_word' id='word_1_308' title='bbox 1706 697 1786 741; x_wconf 88' lang='lat' dir='ltr'>Apo-</span> 
     </span>
     <span class='ocr_line' id='line_1_59' title="bbox 1046 751 1788 797; baseline -0.004 -11"><span class='ocrx_word' id='word_1_309' title='bbox 1046 753 1188 786; x_wconf 90' lang='lat' dir='ltr'>stolicam</span> <span class='ocrx_word' id='word_1_310' title='bbox 1214 752 1386 797; x_wconf 90' lang='lat' dir='ltr'>approbari</span> <span class='ocrx_word' id='word_1_311' title='bbox 1404 756 1434 785; x_wconf 91' lang='lat' dir='ltr'>et</span> <span class='ocrx_word' id='word_1_312' title='bbox 1454 751 1646 793; x_wconf 85' lang='lat' dir='ltr'>confirmari,</span> <span class='ocrx_word' id='word_1_313' title='bbox 1666 751 1788 795; x_wconf 82' lang='lat' dir='ltr'>aliaque</span> 
     </span>
     <span class='ocr_line' id='line_1_60' title="bbox 1047 804 1788 850; baseline -0.003 -11"><span class='ocrx_word' id='word_1_314' title='bbox 1047 806 1246 850; x_wconf 79' lang='lat' dir='ltr'>infrascripta</span> <span class='ocrx_word' id='word_1_315' title='bbox 1281 806 1350 839; x_wconf 83' lang='lat' dir='ltr'>fieri</span> <span class='ocrx_word' id='word_1_316' title='bbox 1381 811 1473 850; x_wconf 85' lang='lat' dir='ltr'>atque</span> <span class='ocrx_word' id='word_1_317' title='bbox 1509 805 1666 839; x_wconf 88' lang='lat' dir='ltr'>ordinari:</span> <span class='ocrx_word' id='word_1_318' title='bbox 1698 804 1788 838; x_wconf 89' lang='lat' dir='ltr'>nobis</span> 
     </span>
     <span class='ocr_line' id='line_1_61' title="bbox 1046 859 1788 904; baseline -0.003 -11"><span class='ocrx_word' id='word_1_319' title='bbox 1046 866 1216 904; x_wconf 86' lang='lat' dir='ltr'>propterea</span> <span class='ocrx_word' id='word_1_320' title='bbox 1248 859 1350 893; x_wconf 90' lang='lat' dir='ltr'>dictus</span> <span class='ocrx_word' id='word_1_321' title='bbox 1375 859 1601 902; x_wconf 79' lang='lat' dir='ltr'>Archangelus,</span> <span class='ocrx_word' id='word_1_322' title='bbox 1634 863 1695 891; x_wconf 88' lang='lat' dir='ltr'>tam</span> <span class='ocrx_word' id='word_1_323' title='bbox 1721 868 1788 898; x_wconf 88' lang='lat' dir='ltr'>suo,</span> 
     </span>
     <span class='ocr_line' id='line_1_62' title="bbox 1047 912 1790 958; baseline -0.003 -12"><span class='ocrx_word' id='word_1_324' title='bbox 1047 924 1140 958; x_wconf 90' lang='lat' dir='ltr'>quam</span> <span class='ocrx_word' id='word_1_325' title='bbox 1159 913 1233 946; x_wconf 88' lang='lat' dir='ltr'>dicti</span> <span class='ocrx_word' id='word_1_326' title='bbox 1250 913 1421 946; x_wconf 82' lang='lat' dir='ltr'>Hilarionis</span> <span class='ocrx_word' id='word_1_327' title='bbox 1440 923 1457 945; x_wconf 90' lang='lat' dir='ltr'>a</span> <span class='ocrx_word' id='word_1_328' title='bbox 1474 914 1580 946; x_wconf 75' lang='lat' dir='ltr'>sancta</span> <span class='ocrx_word' id='word_1_329' title='bbox 1598 912 1710 946; x_wconf 77' lang='lat' dir='ltr'>Ursula</span> <span class='ocrx_word' id='word_1_330' title='bbox 1728 922 1790 945; x_wconf 87' lang='lat' dir='ltr'>mo·</span> 
     </span>
     <span class='ocr_line' id='line_1_63' title="bbox 1047 965 1789 1009; baseline -0.003 -9"><span class='ocrx_word' id='word_1_331' title='bbox 1047 967 1137 1000; x_wconf 89' lang='lat' dir='ltr'>derni</span> <span class='ocrx_word' id='word_1_332' title='bbox 1163 967 1270 1000; x_wconf 89' lang='lat' dir='ltr'>vicarii</span> <span class='ocrx_word' id='word_1_333' title='bbox 1299 966 1476 1009; x_wconf 81' lang='lat' dir='ltr'>generalis,</span> <span class='ocrx_word' id='word_1_334' title='bbox 1503 976 1539 999; x_wconf 89' lang='lat' dir='ltr'>ac</span> <span class='ocrx_word' id='word_1_335' title='bbox 1566 965 1789 1005; x_wconf 83' lang='lat' dir='ltr'>assistentium,</span> 
     </span>
     <span class='ocr_line' id='line_1_64' title="bbox 1048 1019 1791 1065; baseline -0.003 -11"><span class='ocrx_word' id='word_1_336' title='bbox 1048 1021 1246 1065; x_wconf 88' lang='lat' dir='ltr'>aliorumque</span> <span class='ocrx_word' id='word_1_337' title='bbox 1265 1020 1365 1053; x_wconf 87' lang='lat' dir='ltr'>dictae</span> <span class='ocrx_word' id='word_1_338' title='bbox 1383 1019 1638 1063; x_wconf 83' lang='lat' dir='ltr'>congregationis</span> <span class='ocrx_word' id='word_1_339' title='bbox 1653 1019 1791 1063; x_wconf 90' lang='lat' dir='ltr'>superio-</span> 
     </span>
     <span class='ocr_line' id='line_1_65' title="bbox 1048 1072 1789 1117; baseline -0.004 -9"><span class='ocrx_word' id='word_1_340' title='bbox 1048 1086 1118 1108; x_wconf 89' lang='lat' dir='ltr'>rum</span> <span class='ocrx_word' id='word_1_341' title='bbox 1138 1074 1264 1108; x_wconf 88' lang='lat' dir='ltr'>nomine</span> <span class='ocrx_word' id='word_1_342' title='bbox 1289 1073 1452 1107; x_wconf 90' lang='lat' dir='ltr'>humiliter</span> <span class='ocrx_word' id='word_1_343' title='bbox 1468 1072 1640 1117; x_wconf 89' lang='lat' dir='ltr'>supplicari</span> <span class='ocrx_word' id='word_1_344' title='bbox 1660 1072 1742 1113; x_wconf 78' lang='lat' dir='ltr'>fecit,</span> <span class='ocrx_word' id='word_1_345' title='bbox 1758 1077 1789 1105; x_wconf 94' lang='lat' dir='ltr'>ut</span> 
     </span>
     <span class='ocr_line' id='line_1_66' title="bbox 1049 1125 1790 1173; baseline -0.005 -11"><span class='ocrx_word' id='word_1_346' title='bbox 1049 1139 1143 1173; x_wconf 88' lang='lat' dir='ltr'>super</span> <span class='ocrx_word' id='word_1_347' title='bbox 1162 1127 1343 1172; x_wconf 85' lang='lat' dir='ltr'>praemissis</span> <span class='ocrx_word' id='word_1_348' title='bbox 1368 1131 1545 1171; x_wconf 86' lang='lat' dir='ltr'>opportune</span> <span class='ocrx_word' id='word_1_349' title='bbox 1568 1125 1735 1171; x_wconf 88' lang='lat' dir='ltr'>providere</span> <span class='ocrx_word' id='word_1_350' title='bbox 1751 1125 1790 1158; x_wconf 90' lang='lat' dir='ltr'>de</span> 
     </span>
     <span class='ocr_line' id='line_1_67' title="bbox 1049 1180 1675 1225; baseline -0.005 -10"><span class='ocrx_word' id='word_1_351' title='bbox 1049 1182 1241 1225; x_wconf 83' lang='lat' dir='ltr'>benignitate</span> <span class='ocrx_word' id='word_1_352' title='bbox 1265 1180 1436 1225; x_wconf 73' lang='lat' dir='ltr'>apostolica</span> <span class='ocrx_word' id='word_1_353' title='bbox 1460 1180 1675 1223; x_wconf 81' lang='lat' dir='ltr'>dignaremur.</span> 
     </span>
    </p>

    <p class='ocr_par' dir='ltr' id='par_1_15' title="bbox 1049 1233 1792 1441">
     <span class='ocr_line' id='line_1_68' title="bbox 1094 1233 1790 1280; baseline -0.003 -12"><span class='ocrx_word' id='word_1_354' title='bbox 1094 1237 1109 1280; x_wconf 63' lang='lat' dir='ltr'>g</span> <span class='ocrx_word' id='word_1_355' title='bbox 1133 1235 1162 1268; x_wconf 72' lang='lat'>4.</span> <span class='ocrx_word' id='word_1_356' title='bbox 1187 1235 1251 1269; x_wconf 76' lang='lat' dir='ltr'>Nos</span> <span class='ocrx_word' id='word_1_357' title='bbox 1276 1234 1382 1278; x_wconf 83' lang='lat' dir='ltr'>igitur,</span> <span class='ocrx_word' id='word_1_358' title='bbox 1399 1233 1474 1267; x_wconf 89' lang='lat' dir='ltr'>dicti</span> <span class='ocrx_word' id='word_1_359' title='bbox 1491 1233 1680 1276; x_wconf 78' lang='lat' dir='ltr'>Archangeli</span> <span class='ocrx_word' id='word_1_360' title='bbox 1702 1233 1790 1275; x_wconf 91' lang='lat' dir='ltr'>votis,</span> 
     </span>
     <span class='ocr_line' id='line_1_69' title="bbox 1049 1289 1790 1335; baseline -0.003 -12"><span class='ocrx_word' id='word_1_361' title='bbox 1049 1295 1201 1335; x_wconf 90' lang='lat' dir='ltr'>quantum</span> <span class='ocrx_word' id='word_1_362' title='bbox 1215 1300 1287 1322; x_wconf 86' lang='lat' dir='ltr'>cum</span> <span class='ocrx_word' id='word_1_363' title='bbox 1303 1289 1437 1322; x_wconf 90' lang='lat' dir='ltr'>Domino</span> <span class='ocrx_word' id='word_1_364' title='bbox 1451 1298 1629 1332; x_wconf 90' lang='lat' dir='ltr'>possumus,</span> <span class='ocrx_word' id='word_1_365' title='bbox 1641 1297 1790 1330; x_wconf 86' lang='lat' dir='ltr'>annuere,</span> 
     </span>
     <span class='ocr_line' id='line_1_70' title="bbox 1050 1341 1792 1387; baseline -0.003 -11"><span class='ocrx_word' id='word_1_366' title='bbox 1050 1344 1202 1387; x_wconf 89' lang='lat' dir='ltr'>illumque</span> <span class='ocrx_word' id='word_1_367' title='bbox 1225 1342 1413 1387; x_wconf 85' lang='lat' dir='ltr'>specialibus</span> <span class='ocrx_word' id='word_1_368' title='bbox 1444 1341 1604 1375; x_wconf 80' lang='lat' dir='ltr'>favoribus</span> <span class='ocrx_word' id='word_1_369' title='bbox 1628 1346 1658 1375; x_wconf 86' lang='lat' dir='ltr'>et</span> <span class='ocrx_word' id='word_1_370' title='bbox 1682 1341 1792 1385; x_wconf 83' lang='lat' dir='ltr'>gratiis</span> 
     </span>
     <span class='ocr_line' id='line_1_71' title="bbox 1050 1395 1788 1441; baseline -0.004 -10"><span class='ocrx_word' id='word_1_371' title='bbox 1050 1397 1198 1441; x_wconf 83' lang='lat' dir='ltr'>prosequi</span> <span class='ocrx_word' id='word_1_372' title='bbox 1225 1397 1373 1437; x_wconf 83' lang='lat' dir='ltr'>volentes,</span> <span class='ocrx_word' id='word_1_373' title='bbox 1391 1400 1420 1429; x_wconf 88' lang='lat' dir='ltr'>et</span> <span class='ocrx_word' id='word_1_374' title='bbox 1440 1406 1457 1428; x_wconf 87' lang='lat' dir='ltr'>a</span> <span class='ocrx_word' id='word_1_375' title='bbox 1473 1395 1636 1439; x_wconf 84' lang='lat' dir='ltr'>quibusvis</span> <span class='ocrx_word' id='word_1_376' title='bbox 1659 1405 1788 1428; x_wconf 86' lang='lat' dir='ltr'>exeom-</span> 
     </span>
    </p>
   </div>
   <div class='ocr_carea' id='block_1_7' title="bbox 1032 1449 1791 1496">
    <p class='ocr_par' dir='ltr' id='par_1_16' title="bbox 1032 1449 1791 1496">
     <span class='ocr_line' id='line_1_72' title="bbox 1032 1449 1791 1496; baseline -0.003 -12"><span class='ocrx_word' id='word_1_377' title='bbox 1032 1451 1293 1496; x_wconf 47' lang='lat' dir='ltr'>kmunicationis,</span> <span class='ocrx_word' id='word_1_378' title='bbox 1319 1450 1533 1494; x_wconf 83' lang='lat' dir='ltr'>suspensionis</span> <span class='ocrx_word' id='word_1_379' title='bbox 1558 1455 1588 1483; x_wconf 87' lang='lat' dir='ltr'>et</span> <span class='ocrx_word' id='word_1_380' title='bbox 1612 1449 1791 1490; x_wconf 83' lang='lat' dir='ltr'>interdicti,</span> 
     </span>
    </p>
   </div>
   <div class='ocr_carea' id='block_1_8' title="bbox 1050 1502 1799 2677">
    <p class='ocr_par' dir='ltr' id='par_1_17' title="bbox 1050 1502 1799 2677">
     <span class='ocr_line' id='line_1_73' title="bbox 1050 1502 1793 1548; baseline -0.003 -11"><span class='ocrx_word' id='word_1_381' title='bbox 1050 1505 1181 1548; x_wconf 85' lang='lat' dir='ltr'>aliisque</span> <span class='ocrx_word' id='word_1_382' title='bbox 1205 1503 1427 1537; x_wconf 85' lang='lat' dir='ltr'>ecclesiasticis</span> <span class='ocrx_word' id='word_1_383' title='bbox 1451 1502 1622 1544; x_wconf 83' lang='lat' dir='ltr'>sententiis,</span> <span class='ocrx_word' id='word_1_384' title='bbox 1650 1502 1793 1536; x_wconf 83' lang='lat' dir='ltr'>censuris</span> 
     </span>
     <span class='ocr_line' id='line_1_74' title="bbox 1051 1557 1793 1602; baseline -0.003 -10"><span class='ocrx_word' id='word_1_385' title='bbox 1051 1565 1081 1592; x_wconf 85' lang='lat' dir='ltr'>et</span> <span class='ocrx_word' id='word_1_386' title='bbox 1105 1559 1224 1602; x_wconf 86' lang='lat' dir='ltr'>poenis,</span> <span class='ocrx_word' id='word_1_387' title='bbox 1250 1569 1267 1591; x_wconf 88' lang='lat' dir='ltr'>a</span> <span class='ocrx_word' id='word_1_388' title='bbox 1293 1559 1361 1591; x_wconf 85' lang='lat' dir='ltr'>iure</span> <span class='ocrx_word' id='word_1_389' title='bbox 1385 1557 1432 1591; x_wconf 83' lang='lat' dir='ltr'>vel</span> <span class='ocrx_word' id='word_1_390' title='bbox 1457 1557 1495 1590; x_wconf 90' lang='lat' dir='ltr'>ab</span> <span class='ocrx_word' id='word_1_391' title='bbox 1519 1557 1657 1600; x_wconf 85' lang='lat' dir='ltr'>homine,</span> <span class='ocrx_word' id='word_1_392' title='bbox 1685 1557 1793 1601; x_wconf 83' lang='lat' dir='ltr'>quavis</span> 
     </span>
     <span class='ocr_line' id='line_1_75' title="bbox 1051 1610 1795 1655; baseline -0.003 -9"><span class='ocrx_word' id='word_1_393' title='bbox 1051 1612 1215 1646; x_wconf 83' lang='lat' dir='ltr'>occasione</span> <span class='ocrx_word' id='word_1_394' title='bbox 1246 1612 1293 1645; x_wconf 81' lang='lat' dir='ltr'>vel</span> <span class='ocrx_word' id='word_1_395' title='bbox 1319 1613 1413 1645; x_wconf 78' lang='lat' dir='ltr'>causa</span> <span class='ocrx_word' id='word_1_396' title='bbox 1437 1611 1517 1652; x_wconf 88' lang='lat' dir='ltr'>latis,</span> <span class='ocrx_word' id='word_1_397' title='bbox 1543 1611 1568 1644; x_wconf 92' lang='lat' dir='ltr'>si</span> <span class='ocrx_word' id='word_1_398' title='bbox 1591 1610 1706 1655; x_wconf 88' lang='lat' dir='ltr'>quibus</span> <span class='ocrx_word' id='word_1_399' title='bbox 1721 1622 1795 1655; x_wconf 89' lang='lat' dir='ltr'>quo-</span> 
     </span>
     <span class='ocr_line' id='line_1_76' title="bbox 1053 1664 1792 1706; baseline -0.003 -7"><span class='ocrx_word' id='word_1_400' title='bbox 1053 1666 1223 1700; x_wconf 86' lang='lat' dir='ltr'>modolibet</span> <span class='ocrx_word' id='word_1_401' title='bbox 1248 1666 1414 1699; x_wconf 86' lang='lat' dir='ltr'>innodatus</span> <span class='ocrx_word' id='word_1_402' title='bbox 1439 1665 1561 1706; x_wconf 79' lang='lat' dir='ltr'>existit,</span> <span class='ocrx_word' id='word_1_403' title='bbox 1586 1665 1623 1698; x_wconf 89' lang='lat' dir='ltr'>ad</span> <span class='ocrx_word' id='word_1_404' title='bbox 1648 1664 1792 1698; x_wconf 81' lang='lat' dir='ltr'>effectum</span> 
     </span>
     <span class='ocr_line' id='line_1_77' title="bbox 1053 1718 1795 1765; baseline -0.004 -11"><span class='ocrx_word' id='word_1_405' title='bbox 1053 1720 1265 1765; x_wconf 86' lang='lat' dir='ltr'>praesentium</span> <span class='ocrx_word' id='word_1_406' title='bbox 1284 1719 1445 1753; x_wconf 74' lang='lat' dir='ltr'>dumtaxat</span> <span class='ocrx_word' id='word_1_407' title='bbox 1459 1718 1726 1763; x_wconf 87' lang='lat' dir='ltr'>consequendum,</span> <span class='ocrx_word' id='word_1_408' title='bbox 1743 1718 1795 1752; x_wconf 74' lang='lat' dir='ltr'>lia-</span> 
     </span>
     <span class='ocr_line' id='line_1_78' title="bbox 1052 1772 1795 1808; baseline -0.001 -1"><span class='ocrx_word' id='word_1_409' title='bbox 1052 1785 1123 1808; x_wconf 89' lang='lat' dir='ltr'>rum</span> <span class='ocrx_word' id='word_1_410' title='bbox 1149 1774 1229 1807; x_wconf 85' lang='lat' dir='ltr'>serie</span> <span class='ocrx_word' id='word_1_411' title='bbox 1254 1774 1450 1807; x_wconf 75' lang='lat' dir='ltr'>absolventes</span> <span class='ocrx_word' id='word_1_412' title='bbox 1475 1778 1503 1806; x_wconf 90' lang='lat' dir='ltr'>et</span> <span class='ocrx_word' id='word_1_413' title='bbox 1529 1772 1710 1806; x_wconf 88' lang='lat' dir='ltr'>absolutum</span> <span class='ocrx_word' id='word_1_414' title='bbox 1729 1773 1795 1806; x_wconf 85' lang='lat' dir='ltr'>sore</span> 
     </span>
     <span class='ocr_line' id='line_1_79' title="bbox 1053 1826 1795 1871; baseline -0.004 -9"><span class='ocrx_word' id='word_1_415' title='bbox 1053 1832 1226 1868; x_wconf 87' lang='lat' dir='ltr'>censentes,</span> <span class='ocrx_word' id='word_1_416' title='bbox 1242 1827 1422 1861; x_wconf 86' lang='lat' dir='ltr'>huiusmodi</span> <span class='ocrx_word' id='word_1_417' title='bbox 1444 1826 1727 1871; x_wconf 88' lang='lat' dir='ltr'>supplicationibus</span> <span class='ocrx_word' id='word_1_418' title='bbox 1753 1827 1795 1860; x_wconf 91' lang='lat' dir='ltr'>iu-</span> 
     </span>
     <span class='ocr_line' id='line_1_80' title="bbox 1053 1880 1796 1926; baseline -0.004 -11"><span class='ocrx_word' id='word_1_419' title='bbox 1053 1882 1168 1922; x_wconf 83' lang='lat' dir='ltr'>clinati,</span> <span class='ocrx_word' id='word_1_420' title='bbox 1178 1881 1375 1926; x_wconf 89' lang='lat' dir='ltr'>praeinserta</span> <span class='ocrx_word' id='word_1_421' title='bbox 1388 1881 1525 1922; x_wconf 85' lang='lat' dir='ltr'>decreta,</span> <span class='ocrx_word' id='word_1_422' title='bbox 1538 1890 1661 1914; x_wconf 89' lang='lat' dir='ltr'>necnon</span> <span class='ocrx_word' id='word_1_423' title='bbox 1673 1880 1796 1914; x_wconf 86' lang='lat' dir='ltr'>electio-</span> 
     </span>
     <span class='ocr_line' id='line_1_81' title="bbox 1054 1933 1796 1978; baseline -0.003 -10"><span class='ocrx_word' id='word_1_424' title='bbox 1054 1945 1118 1976; x_wconf 86' lang='lat' dir='ltr'>nes,</span> <span class='ocrx_word' id='word_1_425' title='bbox 1139 1935 1231 1968; x_wconf 88' lang='lat' dir='ltr'>ctiam</span> <span class='ocrx_word' id='word_1_426' title='bbox 1256 1945 1313 1978; x_wconf 89' lang='lat' dir='ltr'>per</span> <span class='ocrx_word' id='word_1_427' title='bbox 1337 1934 1419 1967; x_wconf 89' lang='lat' dir='ltr'>viam</span> <span class='ocrx_word' id='word_1_428' title='bbox 1445 1933 1643 1974; x_wconf 88' lang='lat' dir='ltr'>concordiae,</span> <span class='ocrx_word' id='word_1_429' title='bbox 1660 1938 1694 1966; x_wconf 94' lang='lat' dir='ltr'>ut</span> <span class='ocrx_word' id='word_1_430' title='bbox 1710 1944 1796 1977; x_wconf 82' lang='lat' dir='ltr'>prae-</span> 
     </span>
     <span class='ocr_line' id='line_1_82' title="bbox 1055 1983 1796 2029; baseline -0.003 -8"><span class='ocrx_word' id='word_1_431' title='bbox 1055 1988 1162 2029; x_wconf 80' lang='lat' dir='ltr'>fertur,</span> <span class='ocrx_word' id='word_1_432' title='bbox 1183 1986 1307 2029; x_wconf 81' lang='lat' dir='ltr'>sactas¹,</span> <span class='ocrx_word' id='word_1_433' title='bbox 1326 1992 1355 2020; x_wconf 88' lang='lat' dir='ltr'>et</span> <span class='ocrx_word' id='word_1_434' title='bbox 1375 1983 1590 2020; x_wconf 88' lang='lat' dir='ltr'>ordinationes</span> <span class='ocrx_word' id='word_1_435' title='bbox 1605 1986 1796 2027; x_wconf 86' lang='lat' dir='ltr'>huiusmodi,</span> 
     </span>
     <span class='ocr_line' id='line_1_83' title="bbox 1055 2039 1796 2086; baseline -0.004 -11"><span class='ocrx_word' id='word_1_436' title='bbox 1055 2042 1227 2086; x_wconf 74' lang='lat' dir='ltr'>apostolica</span> <span class='ocrx_word' id='word_1_437' title='bbox 1241 2041 1438 2081; x_wconf 87' lang='lat' dir='ltr'>auctoritate,</span> <span class='ocrx_word' id='word_1_438' title='bbox 1452 2046 1560 2074; x_wconf 88' lang='lat' dir='ltr'>tenore</span> <span class='ocrx_word' id='word_1_439' title='bbox 1573 2039 1796 2084; x_wconf 87' lang='lat' dir='ltr'>praesentium,</span> 
     </span>
     <span class='ocr_line' id='line_1_84' title="bbox 1055 2093 1797 2140; baseline -0.001 -12"><span class='ocrx_word' id='word_1_440' title='bbox 1055 2095 1268 2140; x_wconf 85' lang='lat' dir='ltr'>approbamus</span> <span class='ocrx_word' id='word_1_441' title='bbox 1293 2100 1323 2127; x_wconf 84' lang='lat' dir='ltr'>et</span> <span class='ocrx_word' id='word_1_442' title='bbox 1348 2094 1584 2136; x_wconf 82' lang='lat' dir='ltr'>confirmamus,</span> <span class='ocrx_word' id='word_1_443' title='bbox 1602 2093 1709 2138; x_wconf 82' lang='lat' dir='ltr'>eisque</span> <span class='ocrx_word' id='word_1_444' title='bbox 1728 2105 1797 2138; x_wconf 78' lang='lat' dir='ltr'>per-</span> 
     </span>
     <span class='ocr_line' id='line_1_85' title="bbox 1055 2146 1797 2192; baseline 0.001 -13"><span class='ocrx_word' id='word_1_445' title='bbox 1055 2154 1167 2192; x_wconf 78' lang='lat' dir='ltr'>petuae</span> <span class='ocrx_word' id='word_1_446' title='bbox 1185 2154 1213 2181; x_wconf 91' lang='lat' dir='ltr'>et</span> <span class='ocrx_word' id='word_1_447' title='bbox 1231 2147 1418 2181; x_wconf 84' lang='lat' dir='ltr'>inviolabilis</span> <span class='ocrx_word' id='word_1_448' title='bbox 1435 2147 1593 2180; x_wconf 83' lang='lat' dir='ltr'>firmitatis</span> <span class='ocrx_word' id='word_1_449' title='bbox 1609 2146 1706 2180; x_wconf 90' lang='lat' dir='ltr'>robur</span> <span class='ocrx_word' id='word_1_450' title='bbox 1720 2147 1797 2180; x_wconf 88' lang='lat' dir='ltr'>adii-</span> 
     </span>
     <span class='ocr_line' id='line_1_86' title="bbox 1056 2200 1798 2245; baseline -0.001 -11"><span class='ocrx_word' id='word_1_451' title='bbox 1056 2202 1178 2242; x_wconf 82' lang='lat' dir='ltr'>eimus,</span> <span class='ocrx_word' id='word_1_452' title='bbox 1206 2211 1379 2245; x_wconf 90' lang='lat' dir='ltr'>omnesque</span> <span class='ocrx_word' id='word_1_453' title='bbox 1403 2206 1432 2233; x_wconf 89' lang='lat' dir='ltr'>et</span> <span class='ocrx_word' id='word_1_454' title='bbox 1456 2200 1608 2244; x_wconf 80' lang='lat' dir='ltr'>singulos,</span> <span class='ocrx_word' id='word_1_455' title='bbox 1633 2206 1694 2234; x_wconf 90' lang='lat' dir='ltr'>tam</span> <span class='ocrx_word' id='word_1_456' title='bbox 1722 2200 1798 2234; x_wconf 76' lang='lat' dir='ltr'>iuris</span> 
     </span>
     <span class='ocr_line' id='line_1_87' title="bbox 1057 2254 1798 2300; baseline 0.001 -13"><span class='ocrx_word' id='word_1_457' title='bbox 1057 2266 1149 2300; x_wconf 83' lang='lat' dir='ltr'>quam</span> <span class='ocrx_word' id='word_1_458' title='bbox 1165 2255 1247 2297; x_wconf 87' lang='lat' dir='ltr'>sacti,</span> <span class='ocrx_word' id='word_1_459' title='bbox 1265 2265 1300 2287; x_wconf 87' lang='lat' dir='ltr'>ac</span> <span class='ocrx_word' id='word_1_460' title='bbox 1314 2254 1546 2289; x_wconf 85' lang='lat' dir='ltr'>solemnitatum</span> <span class='ocrx_word' id='word_1_461' title='bbox 1560 2259 1590 2287; x_wconf 88' lang='lat' dir='ltr'>et</span> <span class='ocrx_word' id='word_1_462' title='bbox 1607 2254 1684 2288; x_wconf 88' lang='lat' dir='ltr'>alios</span> <span class='ocrx_word' id='word_1_463' title='bbox 1703 2266 1798 2299; x_wconf 85' lang='lat' dir='ltr'>quau-</span> 
     </span>
     <span class='ocr_line' id='line_1_88' title="bbox 1058 2308 1798 2353; baseline -0.003 -10"><span class='ocrx_word' id='word_1_464' title='bbox 1058 2310 1172 2343; x_wconf 84' lang='lat' dir='ltr'>tumvis</span> <span class='ocrx_word' id='word_1_465' title='bbox 1197 2309 1418 2342; x_wconf 81' lang='lat' dir='ltr'>substantiales</span> <span class='ocrx_word' id='word_1_466' title='bbox 1435 2308 1583 2351; x_wconf 82' lang='lat' dir='ltr'>descetus,</span> <span class='ocrx_word' id='word_1_467' title='bbox 1598 2308 1622 2341; x_wconf 90' lang='lat' dir='ltr'>si</span> <span class='ocrx_word' id='word_1_468' title='bbox 1641 2309 1693 2353; x_wconf 91' lang='lat' dir='ltr'>qui</span> <span class='ocrx_word' id='word_1_469' title='bbox 1712 2309 1798 2341; x_wconf 86' lang='lat' dir='ltr'>desu-</span> 
     </span>
     <span class='ocr_line' id='line_1_89' title="bbox 1057 2362 1798 2408; baseline -0.004 -11"><span class='ocrx_word' id='word_1_470' title='bbox 1057 2374 1112 2408; x_wconf 88' lang='lat' dir='ltr'>per</span> <span class='ocrx_word' id='word_1_471' title='bbox 1129 2362 1366 2408; x_wconf 85' lang='lat' dir='ltr'>quomodolibet</span> <span class='ocrx_word' id='word_1_472' title='bbox 1384 2362 1609 2395; x_wconf 84' lang='lat' dir='ltr'>intervenerint</span> <span class='ocrx_word' id='word_1_473' title='bbox 1624 2362 1654 2394; x_wconf 90' lang='lat' dir='ltr'>in</span> <span class='ocrx_word' id='word_1_474' title='bbox 1669 2362 1798 2402; x_wconf 87' lang='lat' dir='ltr'>eisdem,</span> 
     </span>
     <span class='ocr_line' id='line_1_90' title="bbox 1057 2415 1798 2462; baseline -0.004 -11"><span class='ocrx_word' id='word_1_475' title='bbox 1057 2418 1265 2462; x_wconf 75' lang='lat' dir='ltr'>supplemus3</span> <span class='ocrx_word' id='word_1_476' title='bbox 1289 2416 1414 2450; x_wconf 86' lang='lat' dir='ltr'>decreta</span> <span class='ocrx_word' id='word_1_477' title='bbox 1432 2426 1506 2450; x_wconf 86' lang='lat' dir='ltr'>vero</span> <span class='ocrx_word' id='word_1_478' title='bbox 1531 2421 1561 2449; x_wconf 89' lang='lat' dir='ltr'>et.</span> <span class='ocrx_word' id='word_1_479' title='bbox 1585 2415 1798 2449; x_wconf 82' lang='lat' dir='ltr'>ordinationes</span> 
     </span>
     <span class='ocr_line' id='line_1_91' title="bbox 1057 2469 1799 2515; baseline -0.005 -10"><span class='ocrx_word' id='word_1_480' title='bbox 1057 2471 1129 2505; x_wconf 88' lang='lat' dir='ltr'>dicti</span> <span class='ocrx_word' id='word_1_481' title='bbox 1151 2470 1278 2515; x_wconf 89' lang='lat' dir='ltr'>capituli</span> <span class='ocrx_word' id='word_1_482' title='bbox 1305 2469 1462 2514; x_wconf 80' lang='lat' dir='ltr'>generalis</span> <span class='ocrx_word' id='word_1_483' title='bbox 1482 2469 1701 2514; x_wconf 86' lang='lat' dir='ltr'>praesentibus</span> <span class='ocrx_word' id='word_1_484' title='bbox 1721 2469 1799 2502; x_wconf 79' lang='lat' dir='ltr'>litte-</span> 
     </span>
     <span class='ocr_line' id='line_1_92' title="bbox 1058 2523 1799 2584; baseline -0.003 -25"><span class='ocrx_word' id='word_1_485' title='bbox 1058 2527 1100 2560; x_wconf 91' lang='lat' dir='ltr'>ris</span> <span class='ocrx_word' id='word_1_486' title='bbox 1116 2536 1179 2559; x_wconf 91' lang='lat' dir='ltr'>non</span> <span class='ocrx_word' id='word_1_487' title='bbox 1197 2535 1356 2584; x_wconf 81' lang='lat' dir='ltr'>expressa,</span> <span class='ocrx_word' id='word_1_488' title='bbox 1373 2523 1547 2557; x_wconf 88' lang='lat' dir='ltr'>dummodo</span> <span class='ocrx_word' id='word_1_489' title='bbox 1565 2523 1618 2556; x_wconf 87' lang='lat' dir='ltr'>illa</span> <span class='ocrx_word' id='word_1_490' title='bbox 1637 2523 1721 2556; x_wconf 89' lang='lat' dir='ltr'>licita</span> <span class='ocrx_word' id='word_1_491' title='bbox 1738 2523 1799 2557; x_wconf 89' lang='lat' dir='ltr'>sint</span> 
     </span>
     <span class='ocr_line' id='line_1_93' title="bbox 1057 2577 1799 2623; baseline -0.005 -8"><span class='ocrx_word' id='word_1_492' title='bbox 1057 2586 1086 2615; x_wconf 92' lang='lat' dir='ltr'>et</span> <span class='ocrx_word' id='word_1_493' title='bbox 1100 2581 1241 2621; x_wconf 81' lang='lat' dir='ltr'>honesta,</span> <span class='ocrx_word' id='word_1_494' title='bbox 1259 2579 1418 2623; x_wconf 81' lang='lat' dir='ltr'>sacrisque</span> <span class='ocrx_word' id='word_1_495' title='bbox 1438 2577 1610 2612; x_wconf 89' lang='lat' dir='ltr'>canonibus</span> <span class='ocrx_word' id='word_1_496' title='bbox 1625 2583 1654 2612; x_wconf 88' lang='lat' dir='ltr'>et</span> <span class='ocrx_word' id='word_1_497' title='bbox 1670 2577 1799 2612; x_wconf 91' lang='lat' dir='ltr'>Concilii</span> 
     </span>
     <span class='ocr_line' id='line_1_94' title="bbox 1096 2640 1585 2677; baseline -0.004 -7"><span class='ocrx_word' id='word_1_498' title='bbox 1096 2646 1103 2670; x_wconf 91' lang='lat' dir='ltr'>t</span> <span class='ocrx_word' id='word_1_499' title='bbox 1125 2643 1193 2670; x_wconf 86' lang='lat' dir='ltr'>Elit.</span> <span class='ocrx_word' id='word_1_500' title='bbox 1212 2642 1290 2670; x_wconf 79' lang='lat' dir='ltr'>Main.</span> <span class='ocrx_word' id='word_1_501' title='bbox 1309 2641 1371 2677; x_wconf 78' lang='lat' dir='ltr'>legit</span> <span class='ocrx_word' id='word_1_502' title='bbox 1387 2642 1533 2677; x_wconf 62' lang='lat' dir='ltr'>formem.</span> <span class='ocrx_word' id='word_1_503' title='bbox 1550 2640 1585 2668; x_wconf 87' lang='grc' dir='ltr'>τ.</span> 
     </span>
    </p>
   </div>
   <div class='ocr_carea' id='block_1_9' title="bbox 1798 218 1981 246">
    <p class='ocr_par' dir='ltr' id='par_1_18' title="bbox 1798 218 1981 246">
     <span class='ocr_line' id='line_1_95' title="bbox 1798 218 1981 246; baseline 0.005 -1"><span class='ocrx_word' id='word_1_504' title='bbox 1798 219 1845 245; x_wconf 68' lang='lat' dir='ltr'>An.</span> <span class='ocrx_word' id='word_1_505' title='bbox 1864 219 1890 246; x_wconf 80' lang='lat' dir='ltr'>C.</span> <span class='ocrx_word' id='word_1_506' title='bbox 1917 218 1981 246; x_wconf 73' lang='lat'>1637</span> 
     </span>
    </p>
   </div>
   <div class='ocr_carea' id='block_1_10' title="bbox 1807 1244 1991 1294">
    <p class='ocr_par' dir='ltr' id='par_1_19' title="bbox 1807 1244 1991 1294">
     <span class='ocr_line' id='line_1_96' title="bbox 1845 1244 1991 1266; baseline 0 -1"><span class='ocrx_word' id='word_1_507' title='bbox 1845 1244 1911 1266; x_wconf 63' lang='lat' dir='ltr'>Ratas</span> <span class='ocrx_word' id='word_1_508' title='bbox 1926 1244 1991 1266; x_wconf 73' lang='lat' dir='ltr'>babet</span> 
     </span>
     <span class='ocr_line' id='line_1_97' title="bbox 1807 1272 1910 1294; baseline -0.01 0"><span class='ocrx_word' id='word_1_509' title='bbox 1807 1272 1910 1294; x_wconf 77' lang='lat' dir='ltr'>Urbanus.</span> 
     </span>
    </p>
   </div>
  </div>
 </body>
</html>
