2248 3229
86 255 136 283 Au.
152 253 181 282 C.
202 253 271 282 1634

112 690 232 713 Exordium.

124 1547 188 1567 Extra
203 1552 272 1568 muros

87 1574 180 1594 civitatis
214 1573 272 1594 Pari-

87 1601 163 1621 siensis

87 1629 120 1647 tas
133 1626 272 1648 limitationis

87 1653 179 1674 Sanctae
201 1654 273 1675 Crucis

40 1692 44 1695 >
87 1680 213 1705 instituitun

204 1602 273 1621 socies

101 1920 160 1944 Quae
175 1926 213 1941 sna
223 1925 271 1941 con·

88 1947 119 1968 dit
132 1949 221 1969 statuta.

893 253 1036 279 mutuus
1060 253 1118 278 vm
1141 253 1190 278 1²1².

1056 302 1210 336 suburere
1220 301 1251 335 S.
1264 300 1425 335 Honorati
1437 301 1442 317 ¹
1453 310 1511 346 per
1527 299 1702 334 admodum
1714 301 1749 334 R.
1760 301 1799 334 P.

601 301 707 336 CDxc.

290 372 499 416 Confirmatio
522 378 718 408 Slammmm
742 375 903 408 societatis
928 374 1026 408 Eud,
1058 355 1095 388 F.
1110 355 1337 399 Hyacinthum
1354 355 1526 388 Parisium
1544 355 1799 388 concionatorem

330 428 463 461 talionis
487 428 624 462 Sanctae
651 429 764 463 Crucis
791 435 883 463 ertra
914 438 1024 462 muros

329 482 471 516 civitatis
491 482 692 516 Parisiensis
717 482 862 517 erectue¹.
891 480 896 485 ”

488 562 622 590 Urbanus
642 563 721 597 Papa
741 563 819 597 VIII,

410 608 446 634 ad
465 609 641 641 perpetuam
660 607 705 634 rei
725 607 906 635 memoriam.

330 676 414 710 Licet
435 677 540 710 omnia
567 677 820 712 christifidelium
841 683 922 718 vota,
946 686 1026 721 quae

285 729 323 763 ad
348 730 525 763 animarum
556 731 705 774 salutem,
732 731 891 776 divinique
923 731 1027 764 cultus

285 789 491 827 augmentum
513 784 544 817 in
559 784 624 817 dies
649 785 749 828 magis
774 783 1026 829 promovendum

285 837 387 870 facere
400 837 612 881 intelligimus,
622 838 659 871 ad
674 838 880 872 exauditionis
893 838 1026 882 gratiam

285 890 422 924 libenter
446 891 656 933 admittamus,
677 902 713 925 ca
729 897 834 926 tamen
857 891 1028 936 praecipuo

287 950 436 989 paternae
462 946 622 979 charitatis
639 946 751 980 affectu
776 945 1027 990 complectimur,

285 1008 366 1042 quae
380 999 411 1032 in
435 1000 626 1044 peculiarem
640 1000 769 1034 Sanctae
781 999 888 1033 Crucis
904 1009 1029 1032 venera-

286 1052 404 1086 tionem
430 1053 558 1086 tendere
584 1053 822 1096 dignoscuntur.
842 1053 1028 1096 Unigenitus

286 1105 371 1138 enim
388 1105 442 1139 Dei
459 1106 554 1138 Filius
568 1106 664 1139 homo
683 1107 790 1147 sactus,
805 1106 835 1138 in
852 1106 904 1138 illa
921 1106 1029 1139 huma-

285 1159 317 1191 ni
334 1159 458 1202 generis
473 1159 604 1192 salutem
618 1164 777 1203 operatus,
794 1169 829 1192 ac
847 1159 952 1192 insons
969 1170 1028 1203 pro

286 1213 429 1246 sontibus
453 1213 555 1246 hostia
579 1213 678 1246 sactus
702 1218 763 1253 est,
789 1217 818 1245 et
847 1212 946 1246 effuso
970 1223 1028 1256 pro

286 1265 409 1299 iniustis
422 1267 584 1310 sanguine,
600 1267 699 1300 iustus
719 1267 831 1300 mortis
847 1266 1028 1300 servitutem

285 1320 433 1364 suscepit,
458 1325 492 1353 ut
515 1321 606 1354 nobis
631 1321 711 1353 vitae
736 1325 884 1353 aeternae
908 1315 1028 1354 tribue-

286 1378 335 1407 ret
350 1374 544 1408 libertatem:
563 1374 645 1408 unde
663 1375 776 1408 merito
794 1373 956 1407 militantis
976 1373 1030 1406 Ec-

287 1427 400 1460 clesiae
416 1429 585 1471 praeconio
603 1428 780 1461 concinitur
809 1429 912 1461 Beata
936 1428 1029 1460 cuius

288 1479 430 1514 brachiis
454 1481 530 1514 secli
551 1481 706 1525 pependit
727 1481 883 1524 pretium.

333 1534 348 1578 ς
372 1534 401 1567 ¹l.
427 1534 503 1568 Cum
528 1536 642 1580 itaque,
661 1536 740 1569 sicut
763 1535 906 1569 nonnulli
931 1534 1029 1568 chris-

287 1587 420 1621 tissdeles
445 1589 577 1622 civitatis
602 1589 786 1623 Parisiensis
814 1589 904 1622 nobis
928 1598 1029 1632 nuper

287 1641 400 1685 exponi
425 1642 576 1683 fecerunt,
594 1652 657 1676 una
676 1643 726 1686 pia
746 1648 776 1676 et
793 1643 904 1675 devota
916 1642 1029 1675 utrius-

287 1706 348 1739 que
365 1706 456 1730 sexus
481 1697 732 1730 christifidelium
753 1697 885 1730 societas
909 1696 967 1730 sub
984 1696 1029 1728 in-

286 1750 450 1784 vocatione
472 1750 675 1784 Exaltationis
695 1750 826 1784 Sanctae
845 1750 953 1784 Crucis
976 1760 1028 1783 or-

287 1802 408 1837 dinaria
421 1805 617 1844 auctoritate,
630 1804 668 1837 ad
679 1804 911 1848 procurandam
922 1804 1029 1836 haere-

287 1856 422 1891 ticorum
450 1858 698 1899 conversionem,
720 1858 751 1890 in
768 1858 900 1892 ecclesia
916 1857 1028 1890 domus

286 1910 419 1944 fratrum
437 1911 562 1945 Ordinis
578 1911 734 1945 Minorum
751 1911 848 1945 sancti
870 1911 1028 1944 Francisci

286 1965 557 2009 Cappuccinorum
589 1970 841 2009 nuncupatorum
870 1975 968 2008 prope
1000 1969 1030 1997 et

287 2024 375 2052 extra
394 2029 504 2052 muros
529 2019 662 2052 civitatis
679 2018 862 2052 Parisiensis
880 2018 1030 2051 canonice

287 2076 391 2107 erecta
401 2079 431 2107 et
444 2073 632 2117 instituta,et
645 2083 704 2117 pro
716 2073 797 2106 felici
812 2072 895 2105 illius
905 2071 1030 2114 regimi-

285 2137 326 2160 ne
342 2132 372 2160 et
391 2127 545 2170 gubernio
563 2127 714 2161 nonnulla
732 2130 845 2160 statuta
864 2125 928 2158 sive
949 2125 1030 2168 capi-

287 2180 352 2213 tula
369 2180 460 2221 edita,
474 2186 588 2214 statuta
600 2190 674 2214 vero
692 2180 756 2213 sive
774 2179 908 2223 capitula
925 2178 1031 2211 huius-

287 2233 373 2266 modi
390 2233 428 2266 de
444 2234 591 2267 mandato
608 2238 715 2268 nostro
729 2238 872 2267 correcta
885 2238 915 2266 et
929 2242 1031 2265 emen-

288 2285 360 2319 data
383 2287 509 2327 fuerint,
527 2287 645 2321 tenoris
669 2287 827 2331 sequentis
851 2286 1010 2320 videlicet:

332 2340 476 2384 Requlae
500 2345 528 2374 et
551 2341 694 2374 εῐιιιαία2
711 2341 877 2374 Socz'ecatis
896 2339 1031 2374 Exulta-

291 2393 388 2427 tionis
399 2393 628 2427 Sanctissimae
639 2394 750 2429 Crucis
759 2394 932 2427 institutae
948 2392 1032 2428 eius—.

289 2447 360 2481 clem
376 2449 454 2492 festo
471 2448 522 2481 die
535 2458 588 2482 xlv
601 2449 788 2493 septembris
811 2458 894 2481 αηηο
911 2446 1030 2480 salutis

289 2511 444 2536 uncxxxn
464 2503 500 2536 in
525 2503 671 2536 coenobio
693 2507 828 2546 patrum
853 2501 1030 2545 Cappucci-

289 2566 417 2598 uorum,
436 2556 523 2601 quod
540 2561 584 2590 est
604 2555 751 2590 Lutetiae
770 2556 977 2589 Parisiorum
993 2555 1031 2588 iu

328 2629 339 2656 1
357 2627 395 2656 Ex
411 2628 519 2664 Regest.
536 2628 563 2656 in
578 2628 679 2656 Secret.
700 2628 782 2655 BreV.

1060 409 1338 453 Cappuccinorum
1366 413 1394 442 et
1419 408 1632 454 apostolicum
1664 407 1797 442 missio-

1060 463 1202 495 uarium.

1104 516 1174 548 Fuit
1191 516 1268 549 liaeo
1293 517 1425 549 societas
1445 516 1583 551 Lutetiae
1608 516 1801 549 Parisiorum

1059 628 1184 666 patrum
1202 623 1474 667 Cappuccinorum
1500 627 1586 667 septa
1610 634 1627 655 a
1650 624 1702 666 pio
1727 634 1803 667 quo-

1059 676 1204 709 rumdam
1219 676 1391 710 catholicae
1407 676 1568 719 religionis
1582 676 1802 720 propagandae

1061 729 1163 762 studio
1188 730 1343 770 instituta,
1367 735 1402 763 ut
1426 731 1492 763 cius
1517 730 1639 763 sodales
1663 740 1720 773 pro
1746 729 1803 761 suo

1060 783 1192 826 quisquc
1204 783 1331 816 modulo
1345 783 1376 816 in
1390 784 1622 817 haereticorum
1641 783 1679 815 ad
1697 793 1802 816 veram

1061 837 1311 881 catholicamque
1348 838 1532 881 religionem
1565 837 1802 871 conversionem

1062 891 1254 933 incumbere,
1281 897 1310 924 et
1335 902 1396 934 qua
1416 892 1633 935 spiritualibus
1651 901 1712 937 qua
1729 896 1805 923 tcm-

1062 945 1222 989 poralibus
1240 945 1361 978 collatis
1379 945 1527 978 subsidiis
1548 946 1584 978 iis
1601 956 1693 989 opem
1712 946 1803 983 scrrc,

1061 1005 1155 1044 atque
1169 999 1269 1032 cosin
1283 1000 1428 1043 suscepta
1447 999 1599 1042 religione
1613 999 1803 1033 confirmare

1062 1056 1198 1096 possent.
1225 1052 1313 1095 Ideo,
1339 1052 1376 1084 ad
1406 1052 1490 1085 hune
1514 1052 1609 1085 finem
1635 1061 1803 1095 assequen-

1062 1105 1158 1145 dum,
1184 1106 1410 1149 cuiuscumque
1441 1106 1535 1138 sortis
1563 1106 1708 1139 homines
1732 1116 1801 1137 am-

1062 1158 1258 1202 plectiinur²‚
1276 1163 1350 1203 puta
1376 1159 1613 1201 ecclesiasticos,
1636 1159 1803 1200 seculares⁷

1062 1212 1230 1256 principes,
1248 1213 1332 1245 viros
1356 1213 1475 1256 doctos,
1496 1224 1531 1246 ac
1552 1213 1720 1246 mediocris
1741 1223 1806 1246 sor-

1063 1267 1102 1299 tis
1126 1267 1279 1307 homines,
1305 1272 1338 1299 ut
1362 1268 1512 1310 quisque,
1538 1267 1601 1300 Deo
1627 1267 1803 1306 adiuvante,

1063 1331 1137 1353 suae
1166 1320 1354 1354 conditionis
1379 1320 1559 1353 hominibus
1586 1321 1667 1353 serre
1691 1330 1804 1364 opem,

1062 1378 1154 1418 atque
1186 1375 1267 1408 sacili
1303 1374 1447 1417 negotio,
1472 1385 1533 1418 qua
1563 1374 1803 1417 congressibus,

1062 1438 1123 1472 qua
1142 1427 1384 1468 hortationibus,
1402 1438 1463 1471 qua
1484 1427 1706 1470 integerrimae
1723 1427 1804 1459 vitae

1062 1481 1224 1525 exemplis,
1248 1481 1287 1514 ad
1311 1491 1417 1514 veram
1442 1480 1514 1513 fidei
1540 1481 1684 1513 semitam
1709 1480 1804 1513 redu-

1062 1545 1133 1568 cere
1153 1545 1189 1568 ac
1206 1535 1371 1568 restituere
1391 1535 1498 1579 possit.

1106 1589 1172 1622 Hoc
1196 1599 1271 1622 vero
1295 1589 1423 1622 nominc
1443 1589 1647 1623 Exaltationis
1670 1589 1805 1623 Sanctis-

1062 1642 1160 1675 simae
1184 1642 1291 1676 Crucis
1315 1643 1395 1675 lianc
1420 1642 1601 1676 societatem
1624 1643 1727 1676 visum
1759 1645 1805 1676 est

1062 1696 1229 1740 insignire,
1255 1707 1318 1730 non
1351 1697 1446 1730 modo
1478 1697 1550 1740 quia
1582 1696 1693 1730 eodem
1727 1696 1804 1729 sesto

1062 1750 1111 1783 die
1136 1750 1277 1783 eiusdem
1295 1751 1514 1784 Sanctissimae
1535 1750 1643 1784 Crucis
1667 1760 1702 1782 ae
1727 1749 1803 1783 Cru-

1063 1803 1144 1836 cilixi
1160 1814 1219 1847 ope
1243 1804 1375 1847 sumpsit
1389 1803 1564 1844 exordium,
1583 1813 1691 1836 verum
1710 1802 1804 1835 etiam

1063 1857 1137 1900 quia
1153 1857 1191 1890 ad
1216 1857 1355 1890 eiusdem
1374 1857 1593 1890 exaltationem
1618 1866 1682 1889 nou
1702 1856 1805 1888 minus
1831 1893 1834 1895 Α

1062 1911 1164 1944 facere
1198 1910 1321 1943 videtur
1353 1911 1587 1944 haereticorum
1623 1910 1661 1943 ad
1694 1920 1805 1943 verum

1063 1964 1169 1997 Crucis
1187 1965 1306 1997 cultum
1328 1970 1358 1997 et
1382 1965 1567 2007 religionem
1593 1964 1758 1998 revocatio.

1107 2018 1205 2057 Quam
1230 2030 1338 2052 vcrum
1364 2019 1499 2052 sublimo
1529 2024 1558 2052 et
1592 2019 1655 2052 Deo
1680 2023 1805 2061 gratum

1063 2071 1123 2104 hoc
1139 2072 1178 2105 sit
1194 2071 1370 2105 institutum
1388 2071 1435 2104 vel
1453 2071 1523 2104 inde
1540 2071 1613 2104 licet
1637 2081 1806 2114 cognosce-

1064 2135 1108 2165 re,
1122 2124 1215 2168 quod,
1231 2125 1378 2169 Dionysio
1396 2125 1586 2168 Areopagita
1604 2130 1691 2166 teste,
1709 2135 1726 2156 a
1743 2135 1806 2168 quo

1063 2182 1189 2212 nostrae
1212 2178 1375 2220 religionis
1395 2178 1558 2211 exordium
1584 2177 1804 2221 sumpsimus³,

1064 2232 1242 2265 divinorum
1260 2231 1401 2265 omnium
1426 2231 1655 2264 divinissimum
1674 2236 1720 2264 est
1737 2241 1806 2264 coo-

1065 2285 1170 2329 perari
1195 2285 1258 2318 Deo
1283 2285 1314 2317 in
1339 2285 1470 2317 salutem
1495 2284 1690 2317 animarum:
1716 2289 1755 2323 et,
1780 2283 1805 2315 si

1064 2338 1212 2382 Apostolo
1237 2338 1438 2381 praedicante
1468 2337 1670 2370 inimicorum
1703 2336 1805 2369 crucis

1064 2392 1178 2426 Christi
1203 2391 1296 2424 finem
1322 2391 1484 2424 interitum
1501 2391 1642 2424 futurum
1662 2400 1726 2424 non
1739 2400 1805 2422 am-

1064 2445 1219 2488 bigimus,
1244 2455 1300 2478 cur
1326 2444 1465 2478 eiusdem
1491 2444 1593 2478 crucis
1618 2444 1804 2484 amicorum,

1101 2535 1111 2561 1
1130 2533 1199 2560 Edit.
1216 2532 1296 2560 Main.
1312 2533 1375 2568 legit
1390 2533 1420 2560 S.
1436 2532 1540 2560 Heneti
1555 2533 1595 2567 (n.
1607 2533 1656 2566 T.).

1099 2578 1116 2605 Ξ
1131 2579 1232 2606 Forsan
1249 2577 1354 2614 legend.
1371 2578 1558 2612 amplectitur
1574 2579 1609 2613 (ti.
1625 2577 1673 2610 τ.).

1101 2623 1116 2651 3
1139 2623 1297 2659 Signifieare
1321 2622 1415 2650 volunt
1438 2622 1592 2658 Dionysium
1617 2621 1806 2658 Areopagitam

325 2673 343 2700 2
356 2672 427 2702 Edit.
438 2673 518 2702 Main.
530 2673 611 2702 habet
625 2673 738 2708 Reyula
752 2675 779 2702 et
794 2673 925 2701 Statulae
936 2670 1028 2708 (nm).
1064 2669 1146 2698 fuisse
1161 2669 1280 2705 primum
1295 2669 1441 2697 Galliarum
1455 2668 1606 2704 apostolum
1620 2668 1661 2703 (R.
1676 2667 1725 2703 T.)-

1707 243 1772 277 429
1818 252 1868 280 An.
1883 252 1911 279 c.
1933 251 2001 280 1634

1871 527 1921 553 Cap,
1936 527 1950 547 l.

1844 554 1873 574 De
1890 555 2002 574 iustitutio-

1059 569 1092 602 in
1124 569 1277 603 suburbio
1307 570 1336 603 S
1364 571 1514 604 Honorati
1545 571 1624 605 intra
1657 570 1800 604 coenobii
1817 587 1842 601 nc
1862 586 1887 600 ..c
1909 581 1949 602 nne
1969 588 2002 601 ,ιι-

1818 608 1908 628 rietatis.
