2248 3229
114 236 166 263 An.
183 235 211 263 C.
234 235 302 264 1633

140 618 216 640 Annuit
231 618 297 640 [rba-

113 651 161 668 nus.

120 2279 229 2300 Contraria
240 2279 301 2300 tellit.

927 239 1069 264 ruamus
1093 240 1149 264 vm
1173 240 1222 264 PP-

312 284 487 330 praedictas
512 285 674 320 incurrere
695 291 725 321 et
745 287 850 321 forsan
870 287 1052 329 incurrisse;

313 344 341 371 et
366 344 535 383 propterea
552 350 610 384 pro
628 345 700 374 tuae
716 340 886 374 maiestatis
904 346 934 374 et
958 341 1054 375 dicto-

312 403 383 426 rum
409 393 626 427 ministrorum
652 394 757 439 quiete
781 394 872 427 nobis
890 394 1053 428 humiliter

313 446 484 491 supplicari
508 447 659 490 fecerint,
684 452 837 491 quatenus
869 447 1053 491 praemissis

312 505 453 533 nostram
478 504 508 534 et
530 500 625 533 huius
649 505 774 533 sanctae
799 499 887 534 Sedis
914 500 1053 534 auctori-

313 557 407 588 tatem
432 554 632 598 interponere
652 553 875 597 dignaremur:

358 607 373 651 g
386 607 415 640 4.
429 608 502 649 Nos,
514 607 639 640 attentis
652 608 845 651 praemissis,
855 607 1054 652 supplicatio-

312 659 406 693 nibus
418 660 598 694 huiusmodi
612 660 761 702 inclinati,
771 664 960 705 spontaneae
972 660 1055 695 obla-

313 713 389 748 tioni
402 724 459 760 per
472 713 740 758 archiepiscopos,
751 714 920 759 episcopos
936 718 965 749 et
977 714 1053 748 alias

313 767 540 801 ecclesiasticas
565 778 717 812 personas
742 768 919 812 praedictas
943 768 1052 810 sactae,

312 831 370 865 pro
395 821 453 855 hac
477 821 544 854 vice
568 826 707 862 tantum,
730 827 871 855 nostram
896 826 926 855 et
953 821 1053 855 dictae

313 874 401 908 Sedis
432 874 649 909 auctoritatem
681 875 913 919 interponimus
945 880 1054 909 tenore

314 929 528 974 praesentium
546 939 605 973 pro
622 929 858 963 manutentione
875 929 957 964 tertii
975 929 1055 962 mili-

315 988 379 1016 tum
408 983 580 1016 Sardorum
612 982 898 1026 nuncupandorum
916 983 947 1016 in
967 983 1055 1017 Flan-

313 1036 390 1079 dria,
411 1041 441 1070 et
465 1042 634 1081 propterea
654 1035 911 1081 archiepiscopis,
932 1037 1054 1081 episco-

313 1090 361 1135 pis
381 1095 411 1123 et
430 1089 498 1123 aliis
521 1089 741 1123 ecelesiasticis
764 1090 909 1134 personis
933 1090 1057 1135 praedi-

314 1143 370 1177 ctis
384 1143 557 1176 subsidium
572 1143 753 1177 donativum
768 1143 1054 1178 extraordinarium

313 1202 526 1242 nuncupatum
551 1197 743 1240 huiusmodi,
763 1208 820 1242 per
837 1208 900 1239 eos,
918 1203 952 1231 ut
967 1209 1056 1243 prae-

313 1251 430 1293 fertur,
463 1255 574 1295 sponte
605 1250 744 1284 oblatum
779 1256 808 1284 et
840 1251 1032 1295 promissum
1048 1279 1055 1293 ,

314 1304 524 1349 persolvendi,
550 1315 584 1337 ac
610 1309 679 1337 tuae
704 1304 857 1338 maiestati
875 1310 905 1337 et
922 1305 982 1338 tuis
1002 1305 1056 1338 mi-

314 1359 421 1392 nistris
446 1359 522 1392 illud
546 1359 682 1403 petendi,
706 1358 889 1403 recipiendi,
911 1359 1055 1402 exigendi

315 1418 345 1446 et
368 1413 501 1454 levandi,
525 1413 643 1457 absque
668 1413 878 1446 conscientiae
896 1414 1055 1458 scrupulo,

316 1477 371 1500 seu
397 1477 562 1500 causarum
581 1472 609 1500 et
627 1476 803 1511 poenarum
820 1467 1055 1511 praedictarum

315 1520 454 1563 incursu,
471 1520 570 1554 libere
587 1524 615 1554 et
632 1520 716 1553 licite
733 1520 864 1564 possint,
882 1521 1055 1565 apostolica

315 1575 509 1617 auctoritate,
517 1574 699 1607 earumdem
712 1579 821 1607 tenore
830 1575 1054 1618 praesentium,

314 1627 473 1660 licentiam
497 1627 701 1671 impartimur
725 1632 755 1660 et
779 1627 993 1669 concedimus,
1014 1628 1057 1672 ip—

315 1691 429 1725 sosque
454 1680 719 1725 archiepiscopos,
745 1681 909 1725 episcopos
927 1686 956 1714 et
980 1682 1056 1715 alias

315 1745 466 1779 personas
484 1735 719 1778 ecclesiasticas,
735 1740 765 1768 et
782 1745 889 1768 earum
907 1735 1055 1779 singulas,

316 1792 468 1832 quatenus
497 1788 555 1832 ipsi
582 1788 697 1822 dictam
722 1794 823 1822 ratam
849 1789 910 1822 iam
936 1790 1057 1833 prorni-

317 1842 414 1874 serint
438 1847 490 1874 aut
511 1842 669 1885 solverint,
686 1853 808 1876 necnon
829 1844 971 1877 eamdem
993 1854 1056 1877 ma-

317 1895 458 1929 iestatem
483 1901 567 1928 tuam
594 1902 624 1929 et
649 1901 718 1930 tuos
744 1896 906 1930 ministros
925 1898 1058 1941 praedi-

318 1953 395 1989 ctos,
420 1949 444 1981 si
468 1949 610 1982 eamdem
637 1954 736 1981 ratam
762 1949 823 1981 iam
844 1950 1056 1994 perceperint,

317 2002 355 2035 ab
380 2002 526 2035 omnibus
544 2008 574 2035 et
592 2002 723 2046 singulis
743 2003 884 2036 censuris
901 2009 932 2037 et
946 2004 1057 2048 poenis

317 2066 374 2100 per
398 2067 452 2090 eos
469 2063 638 2101 propterea
655 2056 892 2101 quomodolibet
912 2058 1057 2100 incursis,

318 2110 502 2143 auctoritate
526 2116 556 2143 et
581 2116 688 2144 tenore
712 2110 890 2155 praedictis,
916 2111 1054 2144 absolvi-

319 2174 388 2197 mus
413 2169 443 2197 et
467 2164 625 2199 absolutos
650 2164 716 2198 fore
733 2174 897 2198 censemus
914 2170 943 2198 et
959 2165 1059 2199 decla-

319 2228 434 2251 ramus.

363 2273 378 2316 g
395 2272 423 2305 5.
444 2273 512 2306 Non
528 2272 724 2306 obstantibus
737 2272 929 2317 praemissis,
944 2283 979 2307 ac
993 2273 1059 2318 qui-

317 2326 424 2359 busvis
454 2326 730 2360 constitutionibus
754 2332 784 2360 et
808 2327 1058 2362 ordinationibus

318 2379 508 2423 apostolicis,
525 2389 647 2413 necnon
672 2380 887 2422 ecclesiarum,
905 2386 1058 2415 monaste-

318 2433 439 2466 riorum
465 2437 494 2466 ct
517 2432 747 2467 beneficiorum
767 2433 959 2478 huiusmodi,
978 2435 1058 2468 iura-

319 2493 434 2529 mento,
459 2487 699 2521 confirmatione
715 2488 958 2532 apostolicaffel
980 2500 1056 2533 qua·

318 2541 363 2574 ris
380 2541 528 2575 firmitate
545 2541 605 2575 alia
623 2541 789 2583 roboratis,
801 2543 923 2576 statutis
941 2548 969 2576 et
988 2553 1058 2576 con-

319 2595 545 2637 suetudinibus,
569 2596 743 2640 privilegiis
761 2607 898 2640 quoque,
919 2596 1057 2638 indultis,

319 2649 588 2694 exemptionibus,
612 2649 880 2694 immunitatibus,
904 2651 997 2684 etiam
1026 2652 1058 2685 in

1087 299 1223 333 corpore
1240 288 1317 322 iuris
1330 287 1455 329 clausis,
1469 292 1499 322 et
1510 287 1624 323 litteris
1636 288 1827 333 apostolicis,

1086 342 1249 386 quibusvis
1274 342 1463 386 generaliter
1482 343 1530 376 vel
1555 342 1731 387 specialiter
1755 353 1829 377 con-

1087 396 1192 436 cessis;
1211 396 1326 440 quibus
1343 396 1490 430 omnibus
1510 401 1539 430 et
1556 396 1698 441 singulis,
1716 407 1827 430 eorum

1087 448 1229 481 omnium
1254 454 1379 483 tenores
1404 449 1625 494 praesentibus
1648 460 1708 494 pro
1736 450 1828 494 plene

1087 506 1115 534 et
1141 501 1333 535 sufficienter
1357 503 1514 546 expressis
1542 514 1578 537 ac
1602 503 1640 536 de
1664 503 1762 538 verbo
1790 504 1827 537 ad

1087 554 1218 588 verbum
1237 555 1362 589 insertis
1378 555 1538 596 habentes,
1555 556 1615 589 illis
1632 557 1707 590 alias
1723 557 1754 590 in
1771 568 1828 591 suo

1087 608 1202 643 robore
1226 609 1464 653 permansuris,
1489 609 1548 642 hac
1578 610 1644 643 vice
1668 610 1829 645 dumtaxat

1087 662 1265 707 specialiter
1289 667 1319 695 et
1343 672 1489 706 expresse
1514 662 1724 706 derogamus;
1750 669 1829 699 cete-

1087 717 1193 761 risque
1219 716 1385 750 contrariis
1409 716 1671 761 quibuscumque.

1133 770 1147 814 g
1172 769 1201 802 6.
1228 769 1379 804 Volumus
1403 775 1528 815 autem,
1553 775 1585 803 ut
1612 771 1828 816 (quandoqui-

1087 823 1158 856 dem
1183 823 1243 857 hoc
1267 823 1442 856 subsidium
1467 823 1555 867 prius
1571 835 1631 868 pro
1648 824 1828 860 defensione

1087 877 1177 920 regni
1208 876 1369 910 Sardiniae
1402 876 1542 910 oblatum
1575 883 1605 911 et
1635 878 1830 923 applicatum

1087 929 1202 974 fuerit)
1236 929 1268 962 in
1297 933 1442 964 eventum
1470 930 1665 964 necessitatis
1697 932 1829 977 praefati

1088 984 1179 1027 regni
1203 994 1259 1017 seu
1283 984 1403 1017 insulae
1428 984 1590 1019 Sardiniae
1615 990 1725 1019 contra
1748 986 1830 1030 pira-

1088 1043 1191 1072 tarum
1216 1043 1244 1072 et
1272 1038 1447 1071 infidelium
1474 1038 1650 1072 invasiones
1674 1044 1704 1072 et
1728 1039 1831 1074 incur-

1089 1093 1193 1127 siones
1210 1092 1358 1126 maiestas
1375 1098 1426 1126 tua
1444 1093 1591 1137 supplere
1612 1098 1770 1134 teneatur;
1791 1098 1829 1137 et,

1089 1152 1242 1191 quatenus
1257 1147 1403 1180 maiestas
1420 1152 1471 1180 tua
1488 1157 1552 1180 non
1568 1147 1739 1191 suppleret,
1757 1152 1831 1182 tunc

1089 1200 1184 1234 iidem
1209 1200 1412 1235 ecclesiastici
1435 1211 1498 1234 non
1522 1200 1665 1242 debeant,
1681 1211 1739 1234 nec
1760 1201 1831 1245 cogi

1089 1254 1211 1298 possint
1228 1253 1429 1287 contribuere
1446 1265 1505 1298 pro
1522 1254 1758 1288 manutentione
1775 1265 1831 1288 seu

1089 1308 1269 1342 defensione
1302 1309 1392 1352 regni
1427 1319 1483 1342 seu
1516 1309 1636 1342 insulae
1667 1309 1830 1343 Sardiniae

1089 1362 1239 1396 adversus
1262 1363 1438 1406 praedictas
1463 1363 1639 1397 invasiones
1648 1375 1656 1404 ;
1682 1369 1712 1397 et
1733 1364 1831 1409 impo-

1090 1420 1208 1449 sterum
1233 1426 1388 1460 personae
1404 1416 1633 1450 ecclesiasticae
1649 1417 1724 1450 dicti
1740 1417 1831 1461 regni

1089 1480 1107 1502 a
1131 1470 1288 1504 solutione
1312 1473 1341 1504 et
1366 1470 1528 1503 exactione
1554 1471 1704 1505 similium
1728 1482 1832 1517 pecu-

1088 1523 1212 1556 niarum
1238 1523 1367 1557 omnino
1385 1523 1573 1564 abstineant;
1594 1525 1741 1570 quodque
1758 1536 1833 1571 poe-

1089 1576 1274 1618 nitentiam,
1300 1588 1394 1621 quam
1426 1588 1485 1622 pro
1515 1579 1698 1622 praemissis
1729 1579 1832 1623 quivis

1090 1630 1298 1664 confessarius
1319 1631 1357 1664 ab
1375 1631 1540 1665 Ordinario
1560 1632 1751 1676 approbatus
1771 1633 1833 1667 illis

1090 1690 1120 1717 et
1144 1694 1254 1718 eorum
1281 1684 1409 1718 cuilibet.
1433 1685 1557 1718 duxerit
1582 1686 1807 1730 imponendam
1823 1714 1832 1728 ‚

1090 1737 1265 1782 adimplere
1289 1739 1419 1772 omnino
1445 1739 1580 1773 debeant
1600 1740 1748 1784 quodque
1773 1741 1834 1775 dis-

1090 1791 1242 1833 tributio,
1274 1792 1557 1836 repartimeutum‚
1589 1803 1623 1825 ac
1656 1794 1770 1827 taxatio
1803 1799 1834 1828 et

1090 1845 1210 1880 exactio
1234 1850 1319 1879 ratae
1337 1846 1519 1880 huiusmodi
1540 1857 1556 1879 a
1573 1847 1718 1891 personis
1738 1849 1834 1882 eccle-

1090 1899 1220 1934 siasticis
1245 1899 1277 1932 in
1301 1900 1437 1934 comitiis
1450 1900 1633 1934 huiusmodi
1653 1901 1692 1934 ab
1714 1902 1833 1936 eisdem

1090 1953 1309 1987 ecclesiasticis
1334 1953 1440 1988 forsan
1464 1954 1634 1999 deputatis,
1658 1960 1710 1988 aut
1730 1956 1763 1989 in
1783 1967 1834 1991 eo-

1090 2017 1160 2040 rum
1181 2007 1337 2041 defectum
1355 2008 1394 2041 ab
1409 2007 1582 2042 Ordinariis
1598 2009 1755 2050 locorum,
1778 2020 1834 2043 seu

1090 2071 1108 2093 a
1128 2061 1274 2105 personis
1298 2061 1518 2095 ecclesiasticis
1539 2062 1578 2095 ab
1607 2062 1683 2106 ipsis
1706 2063 1833 2097 Ordina-

1091 2114 1145 2147 riis
1162 2114 1358 2159 deputandis,
1373 2115 1534 2150 dumtaxat
1550 2115 1613 2157 fiat,
1627 2127 1663 2149 ac
1681 2117 1833 2151 ministris

1090 2168 1178 2201 laicis
1214 2168 1252 2201 ad
1288 2168 1435 2202 effectum
1470 2169 1680 2213 praemissum
1713 2174 1743 2204 et
1774 2181 1833 2215 pro

1091 2223 1214 2254 summa
1239 2222 1403 2266 praedicta
1424 2228 1543 2256 tantum
1569 2224 1782 2267 consignetur,
1800 2235 1831 2258 a·

1090 2275 1146 2308 lias
1159 2275 1285 2308 eaedem
1300 2281 1482 2320 praesentes
1500 2277 1604 2310 nullae
1620 2277 1680 2310 sint
1698 2287 1735 2311 eo
1752 2277 1830 2321 ipso,

1134 2330 1149 2373 g
1175 2329 1202 2362 7.
1228 2330 1357 2363 Necnon
1385 2330 1470 2375 quod
1502 2331 1715 2375 praesentium
1749 2336 1833 2365 tran-

1090 2383 1242 2427 sumptis,
1267 2383 1360 2416 etiam
1386 2384 1566 2428 impressis,
1599 2395 1694 2418 mauu
1718 2385 1832 2419 notarii

1089 2436 1207 2480 publici
1233 2437 1430 2482 subscriptis,
1455 2443 1485 2470 et
1509 2438 1612 2481 sigillo
1629 2448 1782 2482 personae
1800 2439 1832 2472 in

1090 2490 1239 2533 dignitate
1260 2491 1471 2524 ecclesiastica
1490 2491 1675 2525 constitutae
1693 2492 1832 2535 munitis,

1090 2544 1199 2577 eadem
1225 2555 1356 2588 prorsus
1380 2544 1458 2578 fides
1483 2545 1515 2578 in
1548 2545 1666 2579 iudicio
1691 2551 1721 2580 et
1745 2551 1832 2582 extra

1090 2598 1285 2639 adhibeatur,
1310 2609 1390 2642 quae
1410 2599 1486 2643 ipsis
1511 2600 1730 2644 praesentibus
1747 2600 1833 2634 adhi-

1090 2651 1229 2694 beretur,
1250 2652 1275 2686 si
1292 2652 1395 2686 forent
1412 2653 1567 2687 exhibitae
1587 2654 1635 2688 vel
1656 2657 1808 2690 ostensae.

1840 239 1889 268 An.
1906 240 1933 268 C.
1957 240 2024 269 1633

1892 785 2029 807 conditiones

1843 812 1952 834 nonnullas
1984 813 2029 839 regi

1844 839 1925 860 scribit

1887 2340 2032 2365 'transumptis

1847 2368 1906 2388 credi
1921 2367 2012 2388 mandat.
