<?xml version="1.0" encoding="UTF-8"?>
<!DOCTYPE html PUBLIC "-//W3C//DTD XHTML 1.0 Transitional//EN"
    "http://www.w3.org/TR/xhtml1/DTD/xhtml1-transitional.dtd">
<html xmlns="http://www.w3.org/1999/xhtml" xml:lang="en" lang="en">
 <head>
  <title>
</title>
<meta http-equiv="Content-Type" content="text/html;charset=utf-8" />
  <meta name='ocr-system' content='tesseract 3.04.00' />
  <meta name='ocr-capabilities' content='ocr_page ocr_carea ocr_par ocr_line ocrx_word'/>
</head>
<body>
  <div class='ocr_page' id='page_1' title='image "./bullarumdiplomat14cath_0198.png"; bbox 0 0 2221 3224; ppageno 0'>
   <div class='ocr_carea' id='block_1_1' title="bbox 164 219 347 248">
    <p class='ocr_par' dir='ltr' id='par_1_1' title="bbox 164 219 347 248">
     <span class='ocr_line' id='line_1_1' title="bbox 164 219 347 248; baseline 0 -2"><span class='ocrx_word' id='word_1_1' title='bbox 164 220 213 247; x_wconf 80' lang='lat' dir='ltr'>An.</span> <span class='ocrx_word' id='word_1_2' title='bbox 231 220 260 248; x_wconf 88' lang='lat' dir='ltr'>C.</span> <span class='ocrx_word' id='word_1_3' title='bbox 278 219 347 246; x_wconf 72' lang='lat'>1630</span> 
     </span>
    </p>
   </div>
   <div class='ocr_carea' id='block_1_2' title="bbox 171 1935 354 2014">
    <p class='ocr_par' dir='ltr' id='par_1_2' title="bbox 171 1935 354 2014">
     <span class='ocr_line' id='line_1_2' title="bbox 171 1935 353 1960; baseline -0.011 -5"><span class='ocrx_word' id='word_1_4' title='bbox 171 1935 279 1955; x_wconf 69' lang='lat' dir='ltr'>Clausulas</span> <span class='ocrx_word' id='word_1_5' title='bbox 294 1941 353 1960; x_wconf 53' lang='lat' dir='ltr'>piam</span> 
     </span>
     <span class='ocr_line' id='line_1_3' title="bbox 171 1962 354 1990; baseline 0.005 -9"><span class='ocrx_word' id='word_1_6' title='bbox 171 1962 287 1990; x_wconf 63' lang='lat' dir='ltr'>seri-athas</span> <span class='ocrx_word' id='word_1_7' title='bbox 314 1967 354 1987; x_wconf 68' lang='lat'>⁰1¹-</span> 
     </span>
     <span class='ocr_line' id='line_1_4' title="bbox 171 1990 237 2014; baseline 0.03 -8"><span class='ocrx_word' id='word_1_8' title='bbox 171 1990 237 2014; x_wconf 72' lang='lat' dir='ltr'>pontt.</span> 
     </span>
    </p>
   </div>
   <div class='ocr_carea' id='block_1_3' title="bbox 174 2200 354 2249">
    <p class='ocr_par' dir='ltr' id='par_1_3' title="bbox 174 2200 354 2249">
     <span class='ocr_line' id='line_1_5' title="bbox 217 2200 354 2222; baseline 0.022 -3"><span class='ocrx_word' id='word_1_9' title='bbox 217 2202 247 2222; x_wconf 74' lang='lat' dir='ltr'>lta</span> <span class='ocrx_word' id='word_1_10' title='bbox 265 2200 354 2222; x_wconf 76' lang='lat' dir='ltr'>indicari</span> 
     </span>
     <span class='ocr_line' id='line_1_6' title="bbox 174 2228 264 2249; baseline -0.011 -1"><span class='ocrx_word' id='word_1_11' title='bbox 174 2228 264 2249; x_wconf 69' lang='lat' dir='ltr'>nun-iat.</span> 
     </span>
    </p>
   </div>
   <div class='ocr_carea' id='block_1_4' title="bbox 398 210 1294 244">
    <p class='ocr_par' dir='ltr' id='par_1_4' title="bbox 398 210 1294 244">
     <span class='ocr_line' id='line_1_7' title="bbox 398 210 1294 244; baseline -0.002 -2"><span class='ocrx_word' id='word_1_12' title='bbox 398 210 456 244; x_wconf 77' lang='lat'>146</span> <span class='ocrx_word' id='word_1_13' title='bbox 940 218 1118 242; x_wconf 62' lang='lat' dir='ltr'>normaton</span> <span class='ocrx_word' id='word_1_14' title='bbox 1139 218 1294 242; x_wconf 62' lang='lat' dir='ltr'>Romanum</span> 
     </span>
    </p>
   </div>
   <div class='ocr_carea' id='block_1_5' title="bbox 362 266 1111 2662">
    <p class='ocr_par' dir='ltr' id='par_1_5' title="bbox 362 266 1109 1902">
     <span class='ocr_line' id='line_1_8' title="bbox 362 266 1101 312; baseline -0.004 -12"><span class='ocrx_word' id='word_1_15' title='bbox 362 277 496 312; x_wconf 89' lang='lat' dir='ltr'>cumque</span> <span class='ocrx_word' id='word_1_16' title='bbox 521 272 627 309; x_wconf 83' lang='lat' dir='ltr'>status,</span> <span class='ocrx_word' id='word_1_17' title='bbox 645 267 769 310; x_wconf 75' lang='lat' dir='ltr'>gradus,</span> <span class='ocrx_word' id='word_1_18' title='bbox 791 266 948 309; x_wconf 73' lang='lat' dir='ltr'>qualitatis</span> <span class='ocrx_word' id='word_1_19' title='bbox 972 270 1003 297; x_wconf 88' lang='lat' dir='ltr'>et</span> <span class='ocrx_word' id='word_1_20' title='bbox 1026 274 1101 298; x_wconf 88' lang='lat' dir='ltr'>con-</span> 
     </span>
     <span class='ocr_line' id='line_1_9' title="bbox 362 318 1102 364; baseline -0.005 -10"><span class='ocrx_word' id='word_1_21' title='bbox 362 320 499 363; x_wconf 84' lang='lat' dir='ltr'>ditionis,</span> <span class='ocrx_word' id='word_1_22' title='bbox 513 321 606 353; x_wconf 87' lang='lat' dir='ltr'>etiam</span> <span class='ocrx_word' id='word_1_23' title='bbox 627 319 755 364; x_wconf 81' lang='lat' dir='ltr'>speciali</span> <span class='ocrx_word' id='word_1_24' title='bbox 780 320 852 352; x_wconf 69' lang='lat' dir='ltr'>nota</span> <span class='ocrx_word' id='word_1_25' title='bbox 870 318 982 361; x_wconf 78' lang='lat' dir='ltr'>dignis,</span> <span class='ocrx_word' id='word_1_26' title='bbox 999 318 1102 361; x_wconf 87' lang='lat' dir='ltr'>quoad</span> 
     </span>
     <span class='ocr_line' id='line_1_10' title="bbox 363 371 1102 413; baseline -0.003 -8"><span class='ocrx_word' id='word_1_27' title='bbox 363 384 453 407; x_wconf 77' lang='lat' dir='ltr'>casus</span> <span class='ocrx_word' id='word_1_28' title='bbox 477 378 670 413; x_wconf 82' lang='lat' dir='ltr'>reservatos,</span> <span class='ocrx_word' id='word_1_29' title='bbox 695 372 788 404; x_wconf 82' lang='lat' dir='ltr'>etiam</span> <span class='ocrx_word' id='word_1_30' title='bbox 813 372 844 404; x_wconf 88' lang='lat' dir='ltr'>in</span> <span class='ocrx_word' id='word_1_31' title='bbox 870 371 957 403; x_wconf 77' lang='lat' dir='ltr'>Bulla</span> <span class='ocrx_word' id='word_1_32' title='bbox 982 371 1102 404; x_wconf 85' lang='lat' dir='ltr'>Coenae</span> 
     </span>
     <span class='ocr_line' id='line_1_11' title="bbox 363 426 1104 469; baseline -0.004 -9"><span class='ocrx_word' id='word_1_33' title='bbox 363 426 485 461; x_wconf 88' lang='lat' dir='ltr'>Domini</span> <span class='ocrx_word' id='word_1_34' title='bbox 512 426 645 469; x_wconf 87' lang='lat' dir='ltr'>(haeresi</span> <span class='ocrx_word' id='word_1_35' title='bbox 672 426 813 468; x_wconf 72' lang='lat' dir='ltr'>excepta)</span> <span class='ocrx_word' id='word_1_36' title='bbox 839 429 1012 467; x_wconf 80' lang='lat' dir='ltr'>contentos,</span> <span class='ocrx_word' id='word_1_37' title='bbox 1029 435 1104 457; x_wconf 90' lang='lat' dir='ltr'>non—</span> 
     </span>
     <span class='ocr_line' id='line_1_12' title="bbox 363 477 1102 518; baseline -0.004 -6"><span class='ocrx_word' id='word_1_38' title='bbox 363 479 421 512; x_wconf 85' lang='lat' dir='ltr'>nisi</span> <span class='ocrx_word' id='word_1_39' title='bbox 448 479 478 511; x_wconf 91' lang='lat' dir='ltr'>in</span> <span class='ocrx_word' id='word_1_40' title='bbox 503 480 570 512; x_wconf 86' lang='lat' dir='ltr'>foro</span> <span class='ocrx_word' id='word_1_41' title='bbox 595 477 803 511; x_wconf 86' lang='lat' dir='ltr'>conscientiae</span> <span class='ocrx_word' id='word_1_42' title='bbox 818 505 825 518; x_wconf 94' lang='lat'>,</span> <span class='ocrx_word' id='word_1_43' title='bbox 850 487 913 510; x_wconf 90' lang='lat' dir='ltr'>non</span> <span class='ocrx_word' id='word_1_44' title='bbox 943 482 1046 510; x_wconf 89' lang='lat' dir='ltr'>autem</span> <span class='ocrx_word' id='word_1_45' title='bbox 1073 478 1102 510; x_wconf 91' lang='lat' dir='ltr'>in</span> 
     </span>
     <span class='ocr_line' id='line_1_13' title="bbox 363 531 1102 575; baseline -0.004 -9"><span class='ocrx_word' id='word_1_46' title='bbox 363 536 432 566; x_wconf 75' lang='lat' dir='ltr'>soro</span> <span class='ocrx_word' id='word_1_47' title='bbox 457 538 586 566; x_wconf 85' lang='lat' dir='ltr'>externo</span> <span class='ocrx_word' id='word_1_48' title='bbox 611 532 812 575; x_wconf 77' lang='lat' dir='ltr'>suffragatur,</span> <span class='ocrx_word' id='word_1_49' title='bbox 836 531 1037 574; x_wconf 88' lang='lat' dir='ltr'>aliorumque</span> <span class='ocrx_word' id='word_1_50' title='bbox 1055 531 1102 563; x_wconf 87' lang='lat' dir='ltr'>in-</span> 
     </span>
     <span class='ocr_line' id='line_1_14' title="bbox 363 584 1103 628; baseline -0.003 -10"><span class='ocrx_word' id='word_1_51' title='bbox 363 586 522 619; x_wconf 89' lang='lat' dir='ltr'>dultorum</span> <span class='ocrx_word' id='word_1_52' title='bbox 544 585 736 625; x_wconf 90' lang='lat' dir='ltr'>huiusmodi,</span> <span class='ocrx_word' id='word_1_53' title='bbox 756 589 906 628; x_wconf 85' lang='lat' dir='ltr'>quantum</span> <span class='ocrx_word' id='word_1_54' title='bbox 922 584 958 617; x_wconf 86' lang='lat' dir='ltr'>ad</span> <span class='ocrx_word' id='word_1_55' title='bbox 983 584 1103 628; x_wconf 87' lang='lat' dir='ltr'>praedi-</span> 
     </span>
     <span class='ocr_line' id='line_1_15' title="bbox 364 637 1101 681; baseline -0.003 -9"><span class='ocrx_word' id='word_1_56' title='bbox 364 644 448 672; x_wconf 82' lang='lat' dir='ltr'>ctum</span> <span class='ocrx_word' id='word_1_57' title='bbox 473 639 640 672; x_wconf 87' lang='lat' dir='ltr'>articulum</span> <span class='ocrx_word' id='word_1_58' title='bbox 666 638 802 681; x_wconf 80' lang='lat' dir='ltr'>eligendi</span> <span class='ocrx_word' id='word_1_59' title='bbox 824 637 1049 671; x_wconf 81' lang='lat' dir='ltr'>confessarium</span> <span class='ocrx_word' id='word_1_60' title='bbox 1074 644 1101 670; x_wconf 87' lang='lat' dir='ltr'>ct</span> 
     </span>
     <span class='ocr_line' id='line_1_16' title="bbox 365 690 1104 735; baseline -0.001 -11"><span class='ocrx_word' id='word_1_61' title='bbox 365 691 545 726; x_wconf 88' lang='lat' dir='ltr'>absolvendi</span> <span class='ocrx_word' id='word_1_62' title='bbox 570 702 587 724; x_wconf 89' lang='lat' dir='ltr'>a</span> <span class='ocrx_word' id='word_1_63' title='bbox 612 691 781 735; x_wconf 86' lang='lat' dir='ltr'>praedietis</span> <span class='ocrx_word' id='word_1_64' title='bbox 801 691 924 724; x_wconf 85' lang='lat' dir='ltr'>casibus</span> <span class='ocrx_word' id='word_1_65' title='bbox 937 690 1104 724; x_wconf 86' lang='lat' dir='ltr'>reservatis</span> 
     </span>
     <span class='ocr_line' id='line_1_17' title="bbox 363 743 1101 786; baseline -0.001 -9"><span class='ocrx_word' id='word_1_66' title='bbox 363 745 457 778; x_wconf 87' lang='lat' dir='ltr'>etiam</span> <span class='ocrx_word' id='word_1_67' title='bbox 481 745 513 777; x_wconf 93' lang='lat' dir='ltr'>in</span> <span class='ocrx_word' id='word_1_68' title='bbox 536 745 624 778; x_wconf 72' lang='lat' dir='ltr'>Bulla</span> <span class='ocrx_word' id='word_1_69' title='bbox 647 745 768 778; x_wconf 87' lang='lat' dir='ltr'>Coenae</span> <span class='ocrx_word' id='word_1_70' title='bbox 791 744 915 777; x_wconf 86' lang='lat' dir='ltr'>Domini</span> <span class='ocrx_word' id='word_1_71' title='bbox 939 743 1101 786; x_wconf 84' lang='lat' dir='ltr'>contentis,</span> 
     </span>
     <span class='ocr_line' id='line_1_18' title="bbox 365 797 1103 842; baseline -0.003 -10"><span class='ocrx_word' id='word_1_72' title='bbox 365 809 435 832; x_wconf 87' lang='lat' dir='ltr'>cum</span> <span class='ocrx_word' id='word_1_73' title='bbox 452 798 602 831; x_wconf 80' lang='lat' dir='ltr'>fratribus</span> <span class='ocrx_word' id='word_1_74' title='bbox 619 802 649 831; x_wconf 92' lang='lat' dir='ltr'>et</span> <span class='ocrx_word' id='word_1_75' title='bbox 666 798 854 831; x_wconf 81' lang='lat' dir='ltr'>monialibus</span> <span class='ocrx_word' id='word_1_76' title='bbox 870 797 1103 842; x_wconf 87' lang='lat' dir='ltr'>praedictorum</span> 
     </span>
     <span class='ocr_line' id='line_1_19' title="bbox 363 851 1105 894; baseline -0.001 -10"><span class='ocrx_word' id='word_1_77' title='bbox 363 852 496 884; x_wconf 80' lang='lat' dir='ltr'>fratrum</span> <span class='ocrx_word' id='word_1_78' title='bbox 522 851 788 892; x_wconf 85' lang='lat' dir='ltr'>Praedicatorum,</span> <span class='ocrx_word' id='word_1_79' title='bbox 813 862 848 884; x_wconf 84' lang='lat' dir='ltr'>ac</span> <span class='ocrx_word' id='word_1_80' title='bbox 872 851 1005 884; x_wconf 86' lang='lat' dir='ltr'>aliorum</span> <span class='ocrx_word' id='word_1_81' title='bbox 1030 861 1105 894; x_wconf 90' lang='lat' dir='ltr'>quo-</span> 
     </span>
     <span class='ocr_line' id='line_1_20' title="bbox 364 904 1103 949; baseline -0.001 -12"><span class='ocrx_word' id='word_1_82' title='bbox 364 915 573 949; x_wconf 86' lang='lat' dir='ltr'>rumcumque</span> <span class='ocrx_word' id='word_1_83' title='bbox 590 904 742 938; x_wconf 87' lang='lat' dir='ltr'>Ordinum</span> <span class='ocrx_word' id='word_1_84' title='bbox 761 910 791 937; x_wconf 89' lang='lat' dir='ltr'>et</span> <span class='ocrx_word' id='word_1_85' title='bbox 811 904 1103 948; x_wconf 77' lang='lat' dir='ltr'>congregationum,</span> 
     </span>
     <span class='ocr_line' id='line_1_21' title="bbox 364 957 1105 1002; baseline -0.004 -11"><span class='ocrx_word' id='word_1_86' title='bbox 364 958 583 1002; x_wconf 71' lang='lat' dir='ltr'>societatisque</span> <span class='ocrx_word' id='word_1_87' title='bbox 592 962 622 991; x_wconf 88' lang='lat' dir='ltr'>et</span> <span class='ocrx_word' id='word_1_88' title='bbox 630 958 761 992; x_wconf 91' lang='lat' dir='ltr'>instituti</span> <span class='ocrx_word' id='word_1_89' title='bbox 770 957 1013 1002; x_wconf 83' lang='lat' dir='ltr'>praedictorum,</span> <span class='ocrx_word' id='word_1_90' title='bbox 1022 966 1105 990; x_wconf 88' lang='lat' dir='ltr'>men-</span> 
     </span>
     <span class='ocr_line' id='line_1_22' title="bbox 364 1011 1104 1054; baseline -0.001 -10"><span class='ocrx_word' id='word_1_91' title='bbox 364 1012 536 1045; x_wconf 89' lang='lat' dir='ltr'>dicantium</span> <span class='ocrx_word' id='word_1_92' title='bbox 553 1017 583 1044; x_wconf 84' lang='lat' dir='ltr'>et</span> <span class='ocrx_word' id='word_1_93' title='bbox 600 1022 662 1044; x_wconf 86' lang='lat' dir='ltr'>non</span> <span class='ocrx_word' id='word_1_94' title='bbox 679 1011 934 1052; x_wconf 74' lang='lat' dir='ltr'>mendicantium,</span> <span class='ocrx_word' id='word_1_95' title='bbox 954 1015 1014 1043; x_wconf 87' lang='lat' dir='ltr'>tam</span> <span class='ocrx_word' id='word_1_96' title='bbox 1032 1021 1104 1054; x_wconf 89' lang='lat' dir='ltr'>pro-</span> 
     </span>
     <span class='ocr_line' id='line_1_23' title="bbox 367 1064 1105 1110; baseline 0 -12"><span class='ocrx_word' id='word_1_97' title='bbox 367 1066 484 1099; x_wconf 85' lang='lat' dir='ltr'>vinciae</span> <span class='ocrx_word' id='word_1_98' title='bbox 497 1066 675 1110; x_wconf 78' lang='lat' dir='ltr'>Hispaniae,</span> <span class='ocrx_word' id='word_1_99' title='bbox 685 1076 779 1109; x_wconf 87' lang='lat' dir='ltr'>quam</span> <span class='ocrx_word' id='word_1_100' title='bbox 793 1070 880 1098; x_wconf 87' lang='lat' dir='ltr'>extra</span> <span class='ocrx_word' id='word_1_101' title='bbox 893 1075 961 1098; x_wconf 86' lang='lat' dir='ltr'>eam</span> <span class='ocrx_word' id='word_1_102' title='bbox 974 1064 1105 1098; x_wconf 86' lang='lat' dir='ltr'>ubilibet</span> 
     </span>
     <span class='ocr_line' id='line_1_24' title="bbox 365 1111 1105 1161; baseline -0.003 -9"><span class='ocrx_word' id='word_1_103' title='bbox 365 1119 617 1160; x_wconf 84' lang='lat' dir='ltr'>constitutorum,</span> <span class='ocrx_word' id='word_1_104' title='bbox 628 1118 783 1161; x_wconf 73' lang='lat' dir='ltr'>religiosis</span> <span class='ocrx_word' id='word_1_105' title='bbox 793 1111 897 1151; x_wconf 81' lang='lat' dir='ltr'>locuin</span> <span class='ocrx_word' id='word_1_106' title='bbox 912 1117 1040 1150; x_wconf 87' lang='lat' dir='ltr'>minime</span> <span class='ocrx_word' id='word_1_107' title='bbox 1052 1118 1105 1150; x_wconf 91' lang='lat' dir='ltr'>ha-</span> 
     </span>
     <span class='ocr_line' id='line_1_25' title="bbox 366 1171 1104 1217; baseline -0.003 -12"><span class='ocrx_word' id='word_1_108' title='bbox 366 1172 483 1214; x_wconf 89' lang='lat' dir='ltr'>buisse,</span> <span class='ocrx_word' id='word_1_109' title='bbox 508 1183 609 1217; x_wconf 85' lang='lat' dir='ltr'>neque</span> <span class='ocrx_word' id='word_1_110' title='bbox 634 1172 760 1213; x_wconf 89' lang='lat' dir='ltr'>habere,</span> <span class='ocrx_word' id='word_1_111' title='bbox 778 1182 835 1205; x_wconf 90' lang='lat' dir='ltr'>nec</span> <span class='ocrx_word' id='word_1_112' title='bbox 852 1172 913 1204; x_wconf 86' lang='lat' dir='ltr'>illis</span> <span class='ocrx_word' id='word_1_113' title='bbox 930 1171 993 1204; x_wconf 92' lang='lat' dir='ltr'>ullo</span> <span class='ocrx_word' id='word_1_114' title='bbox 1010 1171 1104 1204; x_wconf 88' lang='lat' dir='ltr'>modo</span> 
     </span>
     <span class='ocr_line' id='line_1_26' title="bbox 366 1226 1105 1269; baseline -0.003 -10"><span class='ocrx_word' id='word_1_115' title='bbox 366 1226 532 1269; x_wconf 74' lang='lat' dir='ltr'>suffragari</span> <span class='ocrx_word' id='word_1_116' title='bbox 558 1226 707 1269; x_wconf 82' lang='lat' dir='ltr'>potuisse,</span> <span class='ocrx_word' id='word_1_117' title='bbox 727 1235 828 1268; x_wconf 86' lang='lat' dir='ltr'>neque</span> <span class='ocrx_word' id='word_1_118' title='bbox 852 1235 954 1268; x_wconf 85' lang='lat' dir='ltr'>posse,</span> <span class='ocrx_word' id='word_1_119' title='bbox 975 1229 1105 1268; x_wconf 81' lang='lat' dir='ltr'>excepto</span> 
     </span>
     <span class='ocr_line' id='line_1_27' title="bbox 366 1278 1105 1322; baseline 0.001 -13"><span class='ocrx_word' id='word_1_120' title='bbox 366 1279 526 1313; x_wconf 80' lang='lat' dir='ltr'>dumtaxat</span> <span class='ocrx_word' id='word_1_121' title='bbox 550 1279 604 1312; x_wconf 92' lang='lat' dir='ltr'>illo</span> <span class='ocrx_word' id='word_1_122' title='bbox 621 1278 813 1322; x_wconf 86' lang='lat' dir='ltr'>quinquenio</span> <span class='ocrx_word' id='word_1_123' title='bbox 833 1289 895 1322; x_wconf 86' lang='lat' dir='ltr'>quo</span> <span class='ocrx_word' id='word_1_124' title='bbox 911 1278 1033 1310; x_wconf 84' lang='lat' dir='ltr'>litterae</span> <span class='ocrx_word' id='word_1_125' title='bbox 1050 1288 1105 1311; x_wconf 91' lang='lat' dir='ltr'>no-</span> 
     </span>
     <span class='ocr_line' id='line_1_28' title="bbox 366 1330 1102 1376; baseline -0.005 -10"><span class='ocrx_word' id='word_1_126' title='bbox 366 1338 448 1366; x_wconf 77' lang='lat' dir='ltr'>strae</span> <span class='ocrx_word' id='word_1_127' title='bbox 476 1332 671 1374; x_wconf 85' lang='lat' dir='ltr'>huiusmodi⁷</span> <span class='ocrx_word' id='word_1_128' title='bbox 697 1336 730 1366; x_wconf 91' lang='lat' dir='ltr'>ut</span> <span class='ocrx_word' id='word_1_129' title='bbox 753 1332 939 1376; x_wconf 81' lang='lat' dir='ltr'>praefertur,</span> <span class='ocrx_word' id='word_1_130' title='bbox 967 1330 1102 1363; x_wconf 75' lang='lat' dir='ltr'>durave-</span> 
     </span>
     <span class='ocr_line' id='line_1_29' title="bbox 367 1384 1105 1430; baseline -0.003 -11"><span class='ocrx_word' id='word_1_131' title='bbox 367 1391 448 1427; x_wconf 88' lang='lat' dir='ltr'>runt,</span> <span class='ocrx_word' id='word_1_132' title='bbox 458 1386 613 1430; x_wconf 86' lang='lat' dir='ltr'>siquidem</span> <span class='ocrx_word' id='word_1_133' title='bbox 620 1385 669 1419; x_wconf 89' lang='lat' dir='ltr'>die</span> <span class='ocrx_word' id='word_1_134' title='bbox 682 1396 733 1419; x_wconf 79' lang='lat' dir='ltr'>xiv</span> <span class='ocrx_word' id='word_1_135' title='bbox 748 1385 864 1418; x_wconf 86' lang='lat' dir='ltr'>mensis</span> <span class='ocrx_word' id='word_1_136' title='bbox 874 1384 951 1417; x_wconf 90' lang='lat' dir='ltr'>iunii</span> <span class='ocrx_word' id='word_1_137' title='bbox 965 1394 1105 1418; x_wconf 73' lang='lat' dir='ltr'>MDCXXlx</span> 
     </span>
     <span class='ocr_line' id='line_1_30' title="bbox 366 1438 1106 1484; baseline -0.003 -11"><span class='ocrx_word' id='word_1_138' title='bbox 366 1440 510 1484; x_wconf 80' lang='lat' dir='ltr'>proxime</span> <span class='ocrx_word' id='word_1_139' title='bbox 532 1439 694 1484; x_wconf 87' lang='lat' dir='ltr'>praeteriti</span> <span class='ocrx_word' id='word_1_140' title='bbox 720 1439 780 1471; x_wconf 85' lang='lat' dir='ltr'>iarn</span> <span class='ocrx_word' id='word_1_141' title='bbox 806 1439 1036 1482; x_wconf 78' lang='lat' dir='ltr'>expiraverunt,</span> <span class='ocrx_word' id='word_1_142' title='bbox 1053 1438 1106 1471; x_wconf 89' lang='lat' dir='ltr'>sed</span> 
     </span>
     <span class='ocr_line' id='line_1_31' title="bbox 366 1492 1107 1536; baseline -0.004 -9"><span class='ocrx_word' id='word_1_143' title='bbox 366 1499 491 1528; x_wconf 87' lang='lat' dir='ltr'>nostrae</span> <span class='ocrx_word' id='word_1_144' title='bbox 522 1493 702 1526; x_wconf 87' lang='lat' dir='ltr'>intentionis</span> <span class='ocrx_word' id='word_1_145' title='bbox 731 1493 839 1525; x_wconf 86' lang='lat' dir='ltr'>suissc·</span> <span class='ocrx_word' id='word_1_146' title='bbox 857 1497 887 1525; x_wconf 87' lang='lat' dir='ltr'>et</span> <span class='ocrx_word' id='word_1_147' title='bbox 910 1503 998 1534; x_wconf 87' lang='lat' dir='ltr'>esse,</span> <span class='ocrx_word' id='word_1_148' title='bbox 1023 1492 1107 1536; x_wconf 88' lang='lat' dir='ltr'>quod</span> 
     </span>
     <span class='ocr_line' id='line_1_32' title="bbox 367 1546 1107 1590; baseline -0.004 -9"><span class='ocrx_word' id='word_1_149' title='bbox 367 1548 462 1582; x_wconf 89' lang='lat' dir='ltr'>iidem</span> <span class='ocrx_word' id='word_1_150' title='bbox 491 1548 603 1582; x_wconf 79' lang='lat' dir='ltr'>fratres</span> <span class='ocrx_word' id='word_1_151' title='bbox 632 1552 662 1580; x_wconf 91' lang='lat' dir='ltr'>et</span> <span class='ocrx_word' id='word_1_152' title='bbox 690 1547 861 1588; x_wconf 85' lang='lat' dir='ltr'>moniales,</span> <span class='ocrx_word' id='word_1_153' title='bbox 889 1550 1040 1590; x_wconf 87' lang='lat' dir='ltr'>quantum</span> <span class='ocrx_word' id='word_1_154' title='bbox 1069 1546 1107 1578; x_wconf 91' lang='lat' dir='ltr'>ad</span> 
     </span>
     <span class='ocr_line' id='line_1_33' title="bbox 367 1600 1107 1645; baseline -0.004 -10"><span class='ocrx_word' id='word_1_155' title='bbox 367 1601 553 1636; x_wconf 69' lang='lat' dir='ltr'>sacramenti</span> <span class='ocrx_word' id='word_1_156' title='bbox 577 1601 787 1645; x_wconf 84' lang='lat' dir='ltr'>poenitentiae</span> <span class='ocrx_word' id='word_1_157' title='bbox 817 1611 872 1634; x_wconf 90' lang='lat' dir='ltr'>seu</span> <span class='ocrx_word' id='word_1_158' title='bbox 904 1600 1107 1634; x_wconf 81' lang='lat' dir='ltr'>consessionis</span> 
     </span>
     <span class='ocr_line' id='line_1_34' title="bbox 368 1653 1107 1697; baseline -0.003 -9"><span class='ocrx_word' id='word_1_159' title='bbox 368 1655 680 1697; x_wconf 74' lang='lat' dir='ltr'>administrationem,</span> <span class='ocrx_word' id='word_1_160' title='bbox 706 1653 883 1687; x_wconf 85' lang='lat' dir='ltr'>ordinariae</span> <span class='ocrx_word' id='word_1_161' title='bbox 908 1653 1107 1697; x_wconf 86' lang='lat' dir='ltr'>dispositioni</span> 
     </span>
     <span class='ocr_line' id='line_1_35' title="bbox 368 1706 1107 1753; baseline -0.004 -10"><span class='ocrx_word' id='word_1_162' title='bbox 368 1719 496 1743; x_wconf 76' lang='lat' dir='ltr'>suorum</span> <span class='ocrx_word' id='word_1_163' title='bbox 517 1709 729 1753; x_wconf 86' lang='lat' dir='ltr'>praelatorum</span> <span class='ocrx_word' id='word_1_164' title='bbox 747 1712 777 1740; x_wconf 87' lang='lat' dir='ltr'>et</span> <span class='ocrx_word' id='word_1_165' title='bbox 793 1706 882 1742; x_wconf 82' lang='lat' dir='ltr'>Sedi¹</span> <span class='ocrx_word' id='word_1_166' title='bbox 901 1707 1107 1751; x_wconf 80' lang='lat' dir='ltr'>Apostolicae‚</span> 
     </span>
     <span class='ocr_line' id='line_1_36' title="bbox 368 1760 1107 1807; baseline -0.005 -11"><span class='ocrx_word' id='word_1_167' title='bbox 368 1762 472 1807; x_wconf 88' lang='lat' dir='ltr'>quoad</span> <span class='ocrx_word' id='word_1_168' title='bbox 500 1762 559 1795; x_wconf 87' lang='lat' dir='ltr'>sibi</span> <span class='ocrx_word' id='word_1_169' title='bbox 590 1765 765 1801; x_wconf 87' lang='lat' dir='ltr'>reservata,</span> <span class='ocrx_word' id='word_1_170' title='bbox 791 1760 921 1794; x_wconf 90' lang='lat' dir='ltr'>subiecti</span> <span class='ocrx_word' id='word_1_171' title='bbox 954 1760 1032 1801; x_wconf 86' lang='lat' dir='ltr'>sint,</span> <span class='ocrx_word' id='word_1_172' title='bbox 1057 1770 1107 1792; x_wconf 91' lang='lat' dir='ltr'>ea-</span> 
     </span>
     <span class='ocr_line' id='line_1_37' title="bbox 369 1813 1109 1858; baseline -0.003 -9"><span class='ocrx_word' id='word_1_173' title='bbox 369 1816 514 1849; x_wconf 85' lang='lat' dir='ltr'>rumdem</span> <span class='ocrx_word' id='word_1_174' title='bbox 534 1820 643 1848; x_wconf 87' lang='lat' dir='ltr'>tenore</span> <span class='ocrx_word' id='word_1_175' title='bbox 656 1813 871 1858; x_wconf 86' lang='lat' dir='ltr'>praesentium</span> <span class='ocrx_word' id='word_1_176' title='bbox 889 1818 1042 1857; x_wconf 90' lang='lat' dir='ltr'>perpetuo</span> <span class='ocrx_word' id='word_1_177' title='bbox 1059 1813 1109 1847; x_wconf 89' lang='lat' dir='ltr'>de-</span> 
     </span>
     <span class='ocr_line' id='line_1_38' title="bbox 369 1870 534 1902; baseline -0.006 0"><span class='ocrx_word' id='word_1_178' title='bbox 369 1870 534 1902; x_wconf 75' lang='lat' dir='ltr'>claramus</span> 
     </span>
    </p>

    <p class='ocr_par' dir='ltr' id='par_1_6' title="bbox 369 1921 1109 2181">
     <span class='ocr_line' id='line_1_39' title="bbox 414 1921 1109 1967; baseline -0.003 -12"><span class='ocrx_word' id='word_1_179' title='bbox 414 1923 429 1967; x_wconf 66' lang='grc' dir='ltr'><strong>ἓ</strong></span> <span class='ocrx_word' id='word_1_180' title='bbox 450 1922 478 1955; x_wconf 73' lang='grc'>4.</span> <span class='ocrx_word' id='word_1_181' title='bbox 496 1922 704 1955; x_wconf 85' lang='lat' dir='ltr'>Decernentes</span> <span class='ocrx_word' id='word_1_182' title='bbox 720 1925 900 1965; x_wconf 77' lang='lat' dir='ltr'>praesentes</span> <span class='ocrx_word' id='word_1_183' title='bbox 921 1925 1045 1955; x_wconf 83' lang='lat' dir='ltr'>nostras</span> <span class='ocrx_word' id='word_1_184' title='bbox 1062 1921 1109 1953; x_wconf 89' lang='lat' dir='ltr'>lit-</span> 
     </span>
     <span class='ocr_line' id='line_1_40' title="bbox 370 1973 1108 2019; baseline -0.003 -10"><span class='ocrx_word' id='word_1_185' title='bbox 370 1981 452 2009; x_wconf 90' lang='lat' dir='ltr'>teras</span> <span class='ocrx_word' id='word_1_186' title='bbox 469 1975 507 2009; x_wconf 90' lang='lat' dir='ltr'>de</span> <span class='ocrx_word' id='word_1_187' title='bbox 524 1974 738 2019; x_wconf 84' lang='lat' dir='ltr'>subreptionis</span> <span class='ocrx_word' id='word_1_188' title='bbox 767 1974 813 2007; x_wconf 72' lang='lat' dir='ltr'>vel</span> <span class='ocrx_word' id='word_1_189' title='bbox 834 1973 1028 2018; x_wconf 86' lang='lat' dir='ltr'>obreptionis</span> <span class='ocrx_word' id='word_1_190' title='bbox 1056 1979 1108 2007; x_wconf 88' lang='lat' dir='ltr'>aut</span> 
     </span>
     <span class='ocr_line' id='line_1_41' title="bbox 370 2027 1109 2068; baseline -0.001 -7"><span class='ocrx_word' id='word_1_191' title='bbox 370 2028 520 2063; x_wconf 85' lang='lat' dir='ltr'>nullitatis</span> <span class='ocrx_word' id='word_1_192' title='bbox 536 2028 621 2068; x_wconf 72' lang='lat' dir='ltr'>vitio,</span> <span class='ocrx_word' id='word_1_193' title='bbox 635 2037 690 2061; x_wconf 88' lang='lat' dir='ltr'>seu</span> <span class='ocrx_word' id='word_1_194' title='bbox 708 2027 887 2060; x_wconf 87' lang='lat' dir='ltr'>intentionis</span> <span class='ocrx_word' id='word_1_195' title='bbox 904 2032 1039 2068; x_wconf 85' lang='lat' dir='ltr'>nostrae,</span> <span class='ocrx_word' id='word_1_196' title='bbox 1057 2033 1109 2060; x_wconf 86' lang='lat' dir='ltr'>aut</span> 
     </span>
     <span class='ocr_line' id='line_1_42' title="bbox 370 2080 1109 2127; baseline -0.004 -11"><span class='ocrx_word' id='word_1_197' title='bbox 370 2082 431 2116; x_wconf 87' lang='lat' dir='ltr'>alio</span> <span class='ocrx_word' id='word_1_198' title='bbox 457 2091 656 2127; x_wconf 89' lang='lat' dir='ltr'>quocumque</span> <span class='ocrx_word' id='word_1_199' title='bbox 681 2080 804 2114; x_wconf 86' lang='lat' dir='ltr'>defectu</span> <span class='ocrx_word' id='word_1_200' title='bbox 829 2092 846 2113; x_wconf 89' lang='lat' dir='ltr'>a</span> <span class='ocrx_word' id='word_1_201' title='bbox 870 2091 1030 2125; x_wconf 87' lang='lat' dir='ltr'>quoquam</span> <span class='ocrx_word' id='word_1_202' title='bbox 1055 2081 1109 2114; x_wconf 91' lang='lat' dir='ltr'>im-</span> 
     </span>
     <span class='ocr_line' id='line_1_43' title="bbox 369 2136 709 2181; baseline -0.009 -11"><span class='ocrx_word' id='word_1_203' title='bbox 369 2136 503 2181; x_wconf 77' lang='lat' dir='ltr'>pugnari</span> <span class='ocrx_word' id='word_1_204' title='bbox 526 2145 589 2170; x_wconf 90' lang='lat' dir='ltr'>non</span> <span class='ocrx_word' id='word_1_205' title='bbox 608 2144 709 2179; x_wconf 88' lang='lat' dir='ltr'>posse.</span> 
     </span>
    </p>

    <p class='ocr_par' dir='ltr' id='par_1_7' title="bbox 370 2188 1111 2608">
     <span class='ocr_line' id='line_1_44' title="bbox 415 2188 1109 2235; baseline -0.004 -12"><span class='ocrx_word' id='word_1_206' title='bbox 415 2191 430 2235; x_wconf 60' lang='grc' dir='ltr'><strong>ἓ</strong></span> <span class='ocrx_word' id='word_1_207' title='bbox 455 2190 483 2223; x_wconf 84' lang='grc'>5.</span> <span class='ocrx_word' id='word_1_208' title='bbox 509 2189 630 2233; x_wconf 86' lang='lat' dir='ltr'>Sicque,</span> <span class='ocrx_word' id='word_1_209' title='bbox 657 2193 686 2222; x_wconf 87' lang='lat' dir='ltr'>et</span> <span class='ocrx_word' id='word_1_210' title='bbox 709 2198 771 2222; x_wconf 88' lang='lat' dir='ltr'>non</span> <span class='ocrx_word' id='word_1_211' title='bbox 797 2188 896 2229; x_wconf 89' lang='lat' dir='ltr'>aliter,</span> <span class='ocrx_word' id='word_1_212' title='bbox 914 2193 943 2221; x_wconf 84' lang='lat' dir='ltr'>et</span> <span class='ocrx_word' id='word_1_213' title='bbox 964 2188 994 2221; x_wconf 89' lang='lat' dir='ltr'>in</span> <span class='ocrx_word' id='word_1_214' title='bbox 1012 2188 1109 2221; x_wconf 90' lang='lat' dir='ltr'>omni-</span> 
     </span>
     <span class='ocr_line' id='line_1_45' title="bbox 370 2242 1108 2287; baseline -0.005 -9"><span class='ocrx_word' id='word_1_215' title='bbox 370 2245 430 2278; x_wconf 85' lang='lat' dir='ltr'>bus</span> <span class='ocrx_word' id='word_1_216' title='bbox 453 2247 483 2278; x_wconf 86' lang='lat' dir='ltr'>et</span> <span class='ocrx_word' id='word_1_217' title='bbox 507 2243 637 2287; x_wconf 76' lang='lat' dir='ltr'>singulis</span> <span class='ocrx_word' id='word_1_218' title='bbox 661 2242 854 2286; x_wconf 81' lang='lat' dir='ltr'>praemissis,</span> <span class='ocrx_word' id='word_1_219' title='bbox 871 2253 927 2286; x_wconf 89' lang='lat' dir='ltr'>per</span> <span class='ocrx_word' id='word_1_220' title='bbox 944 2252 1108 2286; x_wconf 86' lang='lat' dir='ltr'>quoscum-</span> 
     </span>
     <span class='ocr_line' id='line_1_46' title="bbox 372 2296 1108 2343; baseline -0.004 -12"><span class='ocrx_word' id='word_1_221' title='bbox 372 2309 433 2343; x_wconf 88' lang='lat' dir='ltr'>que</span> <span class='ocrx_word' id='word_1_222' title='bbox 453 2297 571 2331; x_wconf 88' lang='lat' dir='ltr'>iudices</span> <span class='ocrx_word' id='word_1_223' title='bbox 591 2296 768 2330; x_wconf 87' lang='lat' dir='ltr'>ordinarios</span> <span class='ocrx_word' id='word_1_224' title='bbox 785 2302 814 2329; x_wconf 89' lang='lat' dir='ltr'>et</span> <span class='ocrx_word' id='word_1_225' title='bbox 830 2296 998 2339; x_wconf 78' lang='lat' dir='ltr'>delegatos,</span> <span class='ocrx_word' id='word_1_226' title='bbox 1015 2297 1108 2329; x_wconf 82' lang='lat' dir='ltr'>etiam</span> 
     </span>
     <span class='ocr_line' id='line_1_47' title="bbox 372 2350 1108 2395; baseline -0.005 -9"><span class='ocrx_word' id='word_1_227' title='bbox 372 2362 537 2386; x_wconf 78' lang='lat' dir='ltr'>causarum</span> <span class='ocrx_word' id='word_1_228' title='bbox 562 2350 667 2395; x_wconf 89' lang='lat' dir='ltr'>palatii</span> <span class='ocrx_word' id='word_1_229' title='bbox 692 2350 855 2394; x_wconf 88' lang='lat' dir='ltr'>apostolici</span> <span class='ocrx_word' id='word_1_230' title='bbox 880 2350 1049 2392; x_wconf 77' lang='lat' dir='ltr'>auditores,</span> <span class='ocrx_word' id='word_1_231' title='bbox 1073 2360 1108 2383; x_wconf 90' lang='lat' dir='ltr'>ac</span> 
     </span>
     <span class='ocr_line' id='line_1_48' title="bbox 373 2403 1110 2446; baseline -0.005 -7"><span class='ocrx_word' id='word_1_232' title='bbox 373 2406 401 2439; x_wconf 79' lang='lat' dir='ltr'>S.</span> <span class='ocrx_word' id='word_1_233' title='bbox 427 2406 461 2439; x_wconf 83' lang='lat' dir='ltr'>R.</span> <span class='ocrx_word' id='word_1_234' title='bbox 483 2405 515 2438; x_wconf 91' lang='lat' dir='ltr'>E.</span> <span class='ocrx_word' id='word_1_235' title='bbox 537 2404 720 2445; x_wconf 83' lang='lat' dir='ltr'>cardinales,</span> <span class='ocrx_word' id='word_1_236' title='bbox 745 2404 838 2437; x_wconf 89' lang='lat' dir='ltr'>etiam</span> <span class='ocrx_word' id='word_1_237' title='bbox 860 2403 897 2436; x_wconf 87' lang='lat' dir='ltr'>de</span> <span class='ocrx_word' id='word_1_238' title='bbox 917 2404 1014 2436; x_wconf 90' lang='lat' dir='ltr'>latere</span> <span class='ocrx_word' id='word_1_239' title='bbox 1029 2403 1110 2446; x_wconf 80' lang='lat' dir='ltr'>lega-</span> 
     </span>
     <span class='ocr_line' id='line_1_49' title="bbox 373 2457 1110 2502; baseline -0.003 -11"><span class='ocrx_word' id='word_1_240' title='bbox 373 2465 431 2500; x_wconf 85' lang='lat' dir='ltr'>tos,</span> <span class='ocrx_word' id='word_1_241' title='bbox 449 2459 646 2502; x_wconf 76' lang='lat' dir='ltr'>vicelegatos‚</span> <span class='ocrx_word' id='word_1_242' title='bbox 663 2468 699 2492; x_wconf 87' lang='lat' dir='ltr'>ae</span> <span class='ocrx_word' id='word_1_243' title='bbox 715 2457 803 2492; x_wconf 80' lang='lat' dir='ltr'>Sedis</span> <span class='ocrx_word' id='word_1_244' title='bbox 821 2457 1019 2501; x_wconf 76' lang='lat' dir='ltr'>Apostolicae</span> <span class='ocrx_word' id='word_1_245' title='bbox 1035 2467 1110 2489; x_wconf 89' lang='lat' dir='ltr'>nun-</span> 
     </span>
     <span class='ocr_line' id='line_1_50' title="bbox 374 2511 1111 2554; baseline -0.003 -9"><span class='ocrx_word' id='word_1_246' title='bbox 374 2513 443 2553; x_wconf 84' lang='lat' dir='ltr'>tios,</span> <span class='ocrx_word' id='word_1_247' title='bbox 468 2522 503 2545; x_wconf 87' lang='lat' dir='ltr'>ac</span> <span class='ocrx_word' id='word_1_248' title='bbox 528 2512 683 2546; x_wconf 82' lang='lat' dir='ltr'>cruciatae</span> <span class='ocrx_word' id='word_1_249' title='bbox 708 2511 953 2549; x_wconf 84' lang='lat' dir='ltr'>commissarios,</span> <span class='ocrx_word' id='word_1_250' title='bbox 974 2516 1003 2544; x_wconf 90' lang='lat' dir='ltr'>et</span> <span class='ocrx_word' id='word_1_251' title='bbox 1022 2520 1111 2554; x_wconf 88' lang='lat' dir='ltr'>quos-</span> 
     </span>
     <span class='ocr_line' id='line_1_51' title="bbox 374 2564 1111 2608; baseline -0.001 -11"><span class='ocrx_word' id='word_1_252' title='bbox 374 2565 420 2597; x_wconf 63' lang='lat' dir='ltr'>ris</span> <span class='ocrx_word' id='word_1_253' title='bbox 444 2565 520 2598; x_wconf 87' lang='lat' dir='ltr'>alios</span> <span class='ocrx_word' id='word_1_254' title='bbox 545 2565 653 2608; x_wconf 83' lang='lat' dir='ltr'>quavis</span> <span class='ocrx_word' id='word_1_255' title='bbox 670 2564 854 2599; x_wconf 85' lang='lat' dir='ltr'>auctoritate</span> <span class='ocrx_word' id='word_1_256' title='bbox 875 2564 1049 2607; x_wconf 75' lang='lat' dir='ltr'>fungentes,</span> <span class='ocrx_word' id='word_1_257' title='bbox 1066 2574 1111 2596; x_wconf 84' lang='lat' dir='ltr'>su-</span> 
     </span>
    </p>

    <p class='ocr_par' dir='ltr' id='par_1_8' title="bbox 414 2626 914 2662">
     <span class='ocr_line' id='line_1_52' title="bbox 414 2626 914 2662; baseline 0.002 -9"><span class='ocrx_word' id='word_1_258' title='bbox 414 2629 422 2653; x_wconf 80' lang='lat' dir='ltr'>l</span> <span class='ocrx_word' id='word_1_259' title='bbox 442 2626 540 2655; x_wconf 77' lang='lat' dir='ltr'>Forsan</span> <span class='ocrx_word' id='word_1_260' title='bbox 557 2626 699 2662; x_wconf 83' lang='lat' dir='ltr'>legendum</span> <span class='ocrx_word' id='word_1_261' title='bbox 715 2627 798 2655; x_wconf 78' lang='lat' dir='ltr'>Sedis</span> <span class='ocrx_word' id='word_1_262' title='bbox 812 2630 851 2662; x_wconf 70' lang='lat' dir='ltr'>(ti.</span> <span class='ocrx_word' id='word_1_263' title='bbox 869 2627 914 2662; x_wconf 79' lang='lat' dir='ltr'>T.).</span> 
     </span>
    </p>
   </div>
   <div class='ocr_carea' id='block_1_6' title="bbox 1136 218 2074 2072">
    <p class='ocr_par' dir='ltr' id='par_1_9' title="bbox 1136 218 2073 574">
     <span class='ocr_line' id='line_1_53' title="bbox 1886 218 2073 252; baseline 0.005 -7"><span class='ocrx_word' id='word_1_264' title='bbox 1886 218 1935 246; x_wconf 83' lang='lat' dir='ltr'>An.</span> <span class='ocrx_word' id='word_1_265' title='bbox 1952 219 1980 246; x_wconf 74' lang='lat'>(3.</span> <span class='ocrx_word' id='word_1_266' title='bbox 2002 219 2073 252; x_wconf 70' lang='lat'>1630,</span> 
     </span>
     <span class='ocr_line' id='line_1_54' title="bbox 1136 264 1872 309; baseline 0.001 -12"><span class='ocrx_word' id='word_1_267' title='bbox 1136 265 1217 298; x_wconf 73' lang='lat' dir='ltr'>blata</span> <span class='ocrx_word' id='word_1_268' title='bbox 1238 264 1282 297; x_wconf 83' lang='lat' dir='ltr'>eis</span> <span class='ocrx_word' id='word_1_269' title='bbox 1307 270 1337 297; x_wconf 86' lang='lat' dir='ltr'>et</span> <span class='ocrx_word' id='word_1_270' title='bbox 1360 275 1470 298; x_wconf 86' lang='lat' dir='ltr'>eorum</span> <span class='ocrx_word' id='word_1_271' title='bbox 1495 265 1622 298; x_wconf 86' lang='lat' dir='ltr'>cuilibet</span> <span class='ocrx_word' id='word_1_272' title='bbox 1651 265 1759 309; x_wconf 85' lang='lat' dir='ltr'>quavis</span> <span class='ocrx_word' id='word_1_273' title='bbox 1783 265 1872 299; x_wconf 85' lang='lat' dir='ltr'>aliter</span> 
     </span>
     <span class='ocr_line' id='line_1_55' title="bbox 1137 316 1873 361; baseline 0.004 -12"><span class='ocrx_word' id='word_1_274' title='bbox 1137 316 1292 350; x_wconf 88' lang='lat' dir='ltr'>iudicandi</span> <span class='ocrx_word' id='word_1_275' title='bbox 1319 322 1345 350; x_wconf 86' lang='lat' dir='ltr'>et</span> <span class='ocrx_word' id='word_1_276' title='bbox 1375 317 1600 361; x_wconf 85' lang='lat' dir='ltr'>interpretandi</span> <span class='ocrx_word' id='word_1_277' title='bbox 1617 318 1760 352; x_wconf 88' lang='lat' dir='ltr'>facultate</span> <span class='ocrx_word' id='word_1_278' title='bbox 1777 324 1807 352; x_wconf 88' lang='lat' dir='ltr'>et</span> <span class='ocrx_word' id='word_1_279' title='bbox 1823 329 1873 351; x_wconf 85' lang='lat' dir='ltr'>au—</span> 
     </span>
     <span class='ocr_line' id='line_1_56' title="bbox 1137 370 1872 414; baseline 0.001 -11"><span class='ocrx_word' id='word_1_280' title='bbox 1137 370 1290 411; x_wconf 88' lang='lat' dir='ltr'>ctoritate,</span> <span class='ocrx_word' id='word_1_281' title='bbox 1316 370 1516 414; x_wconf 87' lang='lat' dir='ltr'>interpretari</span> <span class='ocrx_word' id='word_1_282' title='bbox 1541 381 1577 403; x_wconf 88' lang='lat' dir='ltr'>ac</span> <span class='ocrx_word' id='word_1_283' title='bbox 1601 371 1732 405; x_wconf 88' lang='lat' dir='ltr'>iudicari</span> <span class='ocrx_word' id='word_1_284' title='bbox 1748 372 1872 413; x_wconf 82' lang='lat' dir='ltr'>debere,</span> 
     </span>
     <span class='ocr_line' id='line_1_57' title="bbox 1136 423 1872 468; baseline -0.001 -11"><span class='ocrx_word' id='word_1_285' title='bbox 1136 435 1171 457; x_wconf 91' lang='lat' dir='ltr'>ac</span> <span class='ocrx_word' id='word_1_286' title='bbox 1195 423 1317 456; x_wconf 89' lang='lat' dir='ltr'>irritum</span> <span class='ocrx_word' id='word_1_287' title='bbox 1343 428 1373 456; x_wconf 92' lang='lat' dir='ltr'>et</span> <span class='ocrx_word' id='word_1_288' title='bbox 1393 423 1494 465; x_wconf 89' lang='lat' dir='ltr'>inane,</span> <span class='ocrx_word' id='word_1_289' title='bbox 1512 424 1536 456; x_wconf 92' lang='lat' dir='ltr'>si</span> <span class='ocrx_word' id='word_1_290' title='bbox 1556 434 1645 457; x_wconf 89' lang='lat' dir='ltr'>secus</span> <span class='ocrx_word' id='word_1_291' title='bbox 1665 435 1759 468; x_wconf 85' lang='lat' dir='ltr'>super</span> <span class='ocrx_word' id='word_1_292' title='bbox 1784 425 1832 458; x_wconf 92' lang='lat' dir='ltr'>his</span> <span class='ocrx_word' id='word_1_293' title='bbox 1857 436 1872 457; x_wconf 84' lang='lat' dir='ltr'>a</span> 
     </span>
     <span class='ocr_line' id='line_1_58' title="bbox 1136 477 1873 521; baseline 0 -11"><span class='ocrx_word' id='word_1_294' title='bbox 1136 488 1306 521; x_wconf 87' lang='lat' dir='ltr'>quoquam,</span> <span class='ocrx_word' id='word_1_295' title='bbox 1327 477 1436 521; x_wconf 73' lang='lat' dir='ltr'>quavis</span> <span class='ocrx_word' id='word_1_296' title='bbox 1460 478 1653 519; x_wconf 85' lang='lat' dir='ltr'>auctoritate,</span> <span class='ocrx_word' id='word_1_297' title='bbox 1668 478 1802 511; x_wconf 84' lang='lat' dir='ltr'>scienter</span> <span class='ocrx_word' id='word_1_298' title='bbox 1826 479 1873 511; x_wconf 69' lang='lat' dir='ltr'>vel</span> 
     </span>
     <span class='ocr_line' id='line_1_59' title="bbox 1138 530 1694 574; baseline -0.002 -11"><span class='ocrx_word' id='word_1_299' title='bbox 1138 531 1327 574; x_wconf 79' lang='lat' dir='ltr'>ignoranter,</span> <span class='ocrx_word' id='word_1_300' title='bbox 1353 530 1519 574; x_wconf 85' lang='lat' dir='ltr'>eontigerit</span> <span class='ocrx_word' id='word_1_301' title='bbox 1541 531 1694 564; x_wconf 91' lang='lat' dir='ltr'>attentari.</span> 
     </span>
    </p>

    <p class='ocr_par' dir='ltr' id='par_1_10' title="bbox 1137 583 1877 1108">
     <span class='ocr_line' id='line_1_60' title="bbox 1181 583 1873 628; baseline 0 -12"><span class='ocrx_word' id='word_1_302' title='bbox 1181 584 1196 627; x_wconf 63' lang='grc' dir='ltr'>ἓ</span> <span class='ocrx_word' id='word_1_303' title='bbox 1213 583 1242 616; x_wconf 78' lang='grc'>6.</span> <span class='ocrx_word' id='word_1_304' title='bbox 1257 584 1325 617; x_wconf 86' lang='lat' dir='ltr'>Non</span> <span class='ocrx_word' id='word_1_305' title='bbox 1343 583 1539 616; x_wconf 86' lang='lat' dir='ltr'>obstantibus</span> <span class='ocrx_word' id='word_1_306' title='bbox 1555 583 1745 628; x_wconf 83' lang='lat' dir='ltr'>praemissis,</span> <span class='ocrx_word' id='word_1_307' title='bbox 1758 594 1793 616; x_wconf 90' lang='lat' dir='ltr'>ac</span> <span class='ocrx_word' id='word_1_308' title='bbox 1810 594 1873 617; x_wconf 86' lang='lat' dir='ltr'>om-</span> 
     </span>
     <span class='ocr_line' id='line_1_61' title="bbox 1137 636 1873 681; baseline 0 -12"><span class='ocrx_word' id='word_1_309' title='bbox 1137 637 1230 670; x_wconf 89' lang='lat' dir='ltr'>nibus</span> <span class='ocrx_word' id='word_1_310' title='bbox 1255 642 1285 670; x_wconf 87' lang='lat' dir='ltr'>et</span> <span class='ocrx_word' id='word_1_311' title='bbox 1309 636 1440 679; x_wconf 77' lang='lat' dir='ltr'>singulis</span> <span class='ocrx_word' id='word_1_312' title='bbox 1462 636 1532 677; x_wconf 92' lang='lat' dir='ltr'>illis,</span> <span class='ocrx_word' id='word_1_313' title='bbox 1550 647 1629 680; x_wconf 86' lang='lat' dir='ltr'>quae</span> <span class='ocrx_word' id='word_1_314' title='bbox 1650 637 1681 669; x_wconf 91' lang='lat' dir='ltr'>in</span> <span class='ocrx_word' id='word_1_315' title='bbox 1705 636 1873 681; x_wconf 72' lang='lat' dir='ltr'>praedictis</span> 
     </span>
     <span class='ocr_line' id='line_1_62' title="bbox 1137 690 1874 734; baseline 0.001 -12"><span class='ocrx_word' id='word_1_316' title='bbox 1137 690 1303 723; x_wconf 87' lang='lat' dir='ltr'>Clementis</span> <span class='ocrx_word' id='word_1_317' title='bbox 1327 690 1580 734; x_wconf 85' lang='lat' dir='ltr'>praedecessoris</span> <span class='ocrx_word' id='word_1_318' title='bbox 1598 690 1711 723; x_wconf 88' lang='lat' dir='ltr'>litteris</span> <span class='ocrx_word' id='word_1_319' title='bbox 1727 700 1874 723; x_wconf 80' lang='lat' dir='ltr'>concessa</span> 
     </span>
     <span class='ocr_line' id='line_1_63' title="bbox 1138 743 1874 787; baseline -0.001 -10"><span class='ocrx_word' id='word_1_320' title='bbox 1138 750 1209 778; x_wconf 88' lang='lat' dir='ltr'>sunt</span> <span class='ocrx_word' id='word_1_321' title='bbox 1234 754 1297 777; x_wconf 92' lang='lat' dir='ltr'>non</span> <span class='ocrx_word' id='word_1_322' title='bbox 1327 744 1474 784; x_wconf 85' lang='lat' dir='ltr'>obstare,</span> <span class='ocrx_word' id='word_1_323' title='bbox 1507 743 1684 787; x_wconf 87' lang='lat' dir='ltr'>ceterisque</span> <span class='ocrx_word' id='word_1_324' title='bbox 1709 743 1874 777; x_wconf 84' lang='lat' dir='ltr'>contrariis</span> 
     </span>
     <span class='ocr_line' id='line_1_64' title="bbox 1137 796 1875 841; baseline 0 -12"><span class='ocrx_word' id='word_1_325' title='bbox 1137 797 1399 841; x_wconf 88' lang='lat' dir='ltr'>quibuscumque.</span> <span class='ocrx_word' id='word_1_326' title='bbox 1409 796 1527 836; x_wconf 84' lang='lat' dir='ltr'>Quibus</span> <span class='ocrx_word' id='word_1_327' title='bbox 1536 797 1682 830; x_wconf 87' lang='lat' dir='ltr'>omnibus</span> <span class='ocrx_word' id='word_1_328' title='bbox 1693 801 1723 829; x_wconf 88' lang='lat' dir='ltr'>et</span> <span class='ocrx_word' id='word_1_329' title='bbox 1733 796 1875 839; x_wconf 79' lang='lat' dir='ltr'>singulis,</span> 
     </span>
     <span class='ocr_line' id='line_1_65' title="bbox 1138 850 1875 893; baseline -0.001 -10"><span class='ocrx_word' id='word_1_330' title='bbox 1138 851 1264 884; x_wconf 89' lang='lat' dir='ltr'>illorum</span> <span class='ocrx_word' id='word_1_331' title='bbox 1289 850 1431 884; x_wconf 88' lang='lat' dir='ltr'>omnium</span> <span class='ocrx_word' id='word_1_332' title='bbox 1463 856 1493 883; x_wconf 91' lang='lat' dir='ltr'>et</span> <span class='ocrx_word' id='word_1_333' title='bbox 1523 850 1720 893; x_wconf 81' lang='lat' dir='ltr'>singulorum</span> <span class='ocrx_word' id='word_1_334' title='bbox 1751 854 1875 883; x_wconf 82' lang='lat' dir='ltr'>tenores</span> 
     </span>
     <span class='ocr_line' id='line_1_66' title="bbox 1138 903 1876 948; baseline -0.001 -12"><span class='ocrx_word' id='word_1_335' title='bbox 1138 903 1356 948; x_wconf 88' lang='lat' dir='ltr'>praesentibus</span> <span class='ocrx_word' id='word_1_336' title='bbox 1369 914 1427 947; x_wconf 89' lang='lat' dir='ltr'>pro</span> <span class='ocrx_word' id='word_1_337' title='bbox 1444 903 1632 936; x_wconf 84' lang='lat' dir='ltr'>sufficienter</span> <span class='ocrx_word' id='word_1_338' title='bbox 1652 903 1810 947; x_wconf 81' lang='lat' dir='ltr'>expressis</span> <span class='ocrx_word' id='word_1_339' title='bbox 1826 903 1876 935; x_wconf 81' lang='lat' dir='ltr'>ha-</span> 
     </span>
     <span class='ocr_line' id='line_1_67' title="bbox 1137 956 1875 1001; baseline -0.001 -11"><span class='ocrx_word' id='word_1_340' title='bbox 1137 957 1256 998; x_wconf 90' lang='lat' dir='ltr'>bentes,</span> <span class='ocrx_word' id='word_1_341' title='bbox 1277 957 1337 990; x_wconf 89' lang='lat' dir='ltr'>illis</span> <span class='ocrx_word' id='word_1_342' title='bbox 1356 957 1431 990; x_wconf 72' lang='lat' dir='ltr'>alias</span> <span class='ocrx_word' id='word_1_343' title='bbox 1455 957 1486 989; x_wconf 93' lang='lat' dir='ltr'>in</span> <span class='ocrx_word' id='word_1_344' title='bbox 1510 967 1567 990; x_wconf 83' lang='lat' dir='ltr'>suo</span> <span class='ocrx_word' id='word_1_345' title='bbox 1592 956 1706 990; x_wconf 86' lang='lat' dir='ltr'>robore</span> <span class='ocrx_word' id='word_1_346' title='bbox 1728 966 1875 1001; x_wconf 87' lang='lat' dir='ltr'>perman-</span> 
     </span>
     <span class='ocr_line' id='line_1_68' title="bbox 1138 1010 1877 1054; baseline -0.003 -10"><span class='ocrx_word' id='word_1_347' title='bbox 1138 1011 1239 1052; x_wconf 86' lang='lat' dir='ltr'>suris,</span> <span class='ocrx_word' id='word_1_348' title='bbox 1264 1011 1322 1044; x_wconf 84' lang='lat' dir='ltr'>hac</span> <span class='ocrx_word' id='word_1_349' title='bbox 1355 1011 1421 1044; x_wconf 74' lang='lat' dir='ltr'>vice</span> <span class='ocrx_word' id='word_1_350' title='bbox 1455 1010 1614 1043; x_wconf 79' lang='lat' dir='ltr'>dumtaxat</span> <span class='ocrx_word' id='word_1_351' title='bbox 1646 1010 1823 1054; x_wconf 83' lang='lat' dir='ltr'>specialiter</span> <span class='ocrx_word' id='word_1_352' title='bbox 1848 1013 1877 1043; x_wconf 88' lang='lat' dir='ltr'>et</span> 
     </span>
     <span class='ocr_line' id='line_1_69' title="bbox 1137 1064 1501 1108; baseline -0.003 -11"><span class='ocrx_word' id='word_1_353' title='bbox 1137 1074 1283 1108; x_wconf 83' lang='lat' dir='ltr'>expresse</span> <span class='ocrx_word' id='word_1_354' title='bbox 1302 1064 1501 1107; x_wconf 83' lang='lat' dir='ltr'>derogamus.</span> 
     </span>
    </p>

    <p class='ocr_par' dir='ltr' id='par_1_11' title="bbox 1138 1116 2074 1483">
     <span class='ocr_line' id='line_1_70' title="bbox 1182 1116 2073 1161; baseline -0.001 -11"><span class='ocrx_word' id='word_1_355' title='bbox 1182 1118 1197 1161; x_wconf 61' lang='grc' dir='ltr'>ἓ</span> <span class='ocrx_word' id='word_1_356' title='bbox 1223 1118 1250 1150; x_wconf 93' lang='lat'>7.</span> <span class='ocrx_word' id='word_1_357' title='bbox 1276 1118 1315 1150; x_wconf 94' lang='lat' dir='ltr'>Ut</span> <span class='ocrx_word' id='word_1_358' title='bbox 1339 1121 1443 1151; x_wconf 87' lang='lat' dir='ltr'>autem</span> <span class='ocrx_word' id='word_1_359' title='bbox 1468 1116 1680 1161; x_wconf 86' lang='lat' dir='ltr'>praesentium</span> <span class='ocrx_word' id='word_1_360' title='bbox 1708 1120 1796 1150; x_wconf 89' lang='lat' dir='ltr'>tenor</span> <span class='ocrx_word' id='word_1_361' title='bbox 1813 1127 1875 1150; x_wconf 88' lang='lat' dir='ltr'>oni-</span> <span class='ocrx_word' id='word_1_362' title='bbox 1907 1132 2073 1161; x_wconf 53' lang='lat' dir='ltr'>Pupnffltmnm</span> 
     </span>
     <span class='ocr_line' id='line_1_71' title="bbox 1138 1158 2074 1211; baseline 0.003 -8"><span class='ocrx_word' id='word_1_363' title='bbox 1138 1170 1230 1204; x_wconf 87' lang='lat' dir='ltr'>nibus</span> <span class='ocrx_word' id='word_1_364' title='bbox 1255 1171 1446 1211; x_wconf 85' lang='lat' dir='ltr'>innoteseat,</span> <span class='ocrx_word' id='word_1_365' title='bbox 1472 1171 1617 1204; x_wconf 87' lang='lat' dir='ltr'>volumus</span> <span class='ocrx_word' id='word_1_366' title='bbox 1648 1180 1700 1203; x_wconf 85' lang='lat' dir='ltr'>eas</span> <span class='ocrx_word' id='word_1_367' title='bbox 1726 1170 1755 1202; x_wconf 90' lang='lat' dir='ltr'>in</span> <span class='ocrx_word' id='word_1_368' title='bbox 1781 1170 1876 1202; x_wconf 87' lang='lat' dir='ltr'>valvis</span> <span class='ocrx_word' id='word_1_369' title='bbox 1891 1158 1983 1205; x_wconf 52' lang='grc' dir='ltr'>ἓῖιῑξέῗέ</span> <span class='ocrx_word' id='word_1_370' title='bbox 2001 1164 2074 1206; x_wconf 57' lang='grc' dir='ltr'>ἕῗὲἳῗῗ</span> 
     </span>
     <span class='ocr_line' id='line_1_72' title="bbox 1138 1214 1927 1268; baseline 0 -12"><span class='ocrx_word' id='word_1_371' title='bbox 1138 1224 1284 1258; x_wconf 86' lang='lat' dir='ltr'>basilicae</span> <span class='ocrx_word' id='word_1_372' title='bbox 1299 1224 1452 1268; x_wconf 83' lang='lat' dir='ltr'>Principis</span> <span class='ocrx_word' id='word_1_373' title='bbox 1469 1225 1700 1268; x_wconf 83' lang='lat' dir='ltr'>Apostolorum,</span> <span class='ocrx_word' id='word_1_374' title='bbox 1718 1229 1747 1256; x_wconf 88' lang='lat' dir='ltr'>et</span> <span class='ocrx_word' id='word_1_375' title='bbox 1764 1224 1795 1256; x_wconf 90' lang='lat' dir='ltr'>in</span> <span class='ocrx_word' id='word_1_376' title='bbox 1811 1224 1877 1257; x_wconf 87' lang='lat' dir='ltr'>acie</span> <span class='ocrx_word' id='word_1_377' title='bbox 1891 1214 1927 1232; x_wconf 72' lang='lat'><strong>¹¹¹¹·</strong></span> 
     </span>
     <span class='ocr_line' id='line_1_73' title="bbox 1140 1278 1878 1322; baseline -0.001 -12"><span class='ocrx_word' id='word_1_378' title='bbox 1140 1278 1241 1322; x_wconf 90' lang='lat' dir='ltr'>campi</span> <span class='ocrx_word' id='word_1_379' title='bbox 1265 1278 1375 1311; x_wconf 84' lang='lat' dir='ltr'>Florae</span> <span class='ocrx_word' id='word_1_380' title='bbox 1400 1278 1438 1312; x_wconf 85' lang='lat' dir='ltr'>de</span> <span class='ocrx_word' id='word_1_381' title='bbox 1462 1278 1556 1319; x_wconf 85' lang='lat' dir='ltr'>Urbe,</span> <span class='ocrx_word' id='word_1_382' title='bbox 1580 1283 1614 1311; x_wconf 88' lang='lat' dir='ltr'>ut</span> <span class='ocrx_word' id='word_1_383' title='bbox 1639 1278 1736 1311; x_wconf 89' lang='lat' dir='ltr'>moris</span> <span class='ocrx_word' id='word_1_384' title='bbox 1753 1283 1809 1318; x_wconf 85' lang='lat' dir='ltr'>cst,</span> <span class='ocrx_word' id='word_1_385' title='bbox 1825 1288 1878 1321; x_wconf 90' lang='lat' dir='ltr'>pu-</span> 
     </span>
     <span class='ocr_line' id='line_1_74' title="bbox 1139 1331 1875 1377; baseline -0.001 -13"><span class='ocrx_word' id='word_1_386' title='bbox 1139 1331 1260 1372; x_wconf 88' lang='lat' dir='ltr'>blicari,</span> <span class='ocrx_word' id='word_1_387' title='bbox 1285 1332 1430 1376; x_wconf 86' lang='lat' dir='ltr'>ipsasque</span> <span class='ocrx_word' id='word_1_388' title='bbox 1454 1331 1499 1365; x_wconf 91' lang='lat' dir='ltr'>sic</span> <span class='ocrx_word' id='word_1_389' title='bbox 1522 1331 1704 1376; x_wconf 88' lang='lat' dir='ltr'>publicatas,</span> <span class='ocrx_word' id='word_1_390' title='bbox 1724 1341 1832 1364; x_wconf 91' lang='lat' dir='ltr'>omnes</span> <span class='ocrx_word' id='word_1_391' title='bbox 1849 1336 1875 1377; x_wconf 75' lang='lat' dir='ltr'>et</span> 
     </span>
     <span class='ocr_line' id='line_1_75' title="bbox 1141 1384 1880 1429; baseline -0.001 -11"><span class='ocrx_word' id='word_1_392' title='bbox 1141 1385 1281 1429; x_wconf 79' lang='lat' dir='ltr'>singulos</span> <span class='ocrx_word' id='word_1_393' title='bbox 1306 1385 1422 1429; x_wconf 87' lang='lat' dir='ltr'>ubique</span> <span class='ocrx_word' id='word_1_394' title='bbox 1447 1385 1614 1426; x_wconf 52' lang='lat' dir='ltr'>existentes</span> <span class='ocrx_word' id='word_1_395' title='bbox 1631 1385 1673 1417; x_wconf 90' lang='lat' dir='ltr'>ita</span> <span class='ocrx_word' id='word_1_396' title='bbox 1692 1384 1827 1427; x_wconf 84' lang='lat' dir='ltr'>afficere,</span> <span class='ocrx_word' id='word_1_397' title='bbox 1844 1394 1880 1418; x_wconf 87' lang='lat' dir='ltr'>ac</span> 
     </span>
     <span class='ocr_line' id='line_1_76' title="bbox 1140 1438 1878 1483; baseline 0 -12"><span class='ocrx_word' id='word_1_398' title='bbox 1140 1438 1166 1472; x_wconf 89' lang='lat' dir='ltr'>si</span> <span class='ocrx_word' id='word_1_399' title='bbox 1190 1438 1337 1472; x_wconf 90' lang='lat' dir='ltr'>omnibus</span> <span class='ocrx_word' id='word_1_400' title='bbox 1360 1439 1568 1483; x_wconf 87' lang='lat' dir='ltr'>personaliter</span> <span class='ocrx_word' id='word_1_401' title='bbox 1588 1439 1747 1472; x_wconf 88' lang='lat' dir='ltr'>intimatae</span> <span class='ocrx_word' id='word_1_402' title='bbox 1766 1443 1878 1477; x_wconf 87' lang='lat' dir='ltr'>essent;</span> 
     </span>
    </p>

    <p class='ocr_par' dir='ltr' id='par_1_12' title="bbox 1141 1491 1879 1848">
     <span class='ocr_line' id='line_1_77' title="bbox 1185 1491 1879 1537; baseline -0.001 -11"><span class='ocrx_word' id='word_1_403' title='bbox 1185 1493 1200 1536; x_wconf 67' lang='grc' dir='ltr'><strong>ξ</strong></span> <span class='ocrx_word' id='word_1_404' title='bbox 1220 1491 1248 1526; x_wconf 80' lang='lat'>8.</span> <span class='ocrx_word' id='word_1_405' title='bbox 1266 1493 1416 1537; x_wconf 87' lang='lat' dir='ltr'>Quodque</span> <span class='ocrx_word' id='word_1_406' title='bbox 1434 1493 1647 1537; x_wconf 85' lang='lat' dir='ltr'>praesentium</span> <span class='ocrx_word' id='word_1_407' title='bbox 1665 1493 1879 1537; x_wconf 86' lang='lat' dir='ltr'>transumptis,</span> 
     </span>
     <span class='ocr_line' id='line_1_78' title="bbox 1141 1546 1879 1591; baseline 0 -12"><span class='ocrx_word' id='word_1_408' title='bbox 1141 1547 1234 1580; x_wconf 87' lang='lat' dir='ltr'>etiam</span> <span class='ocrx_word' id='word_1_409' title='bbox 1265 1547 1443 1591; x_wconf 85' lang='lat' dir='ltr'>impressis,</span> <span class='ocrx_word' id='word_1_410' title='bbox 1476 1557 1569 1580; x_wconf 89' lang='lat' dir='ltr'>manu</span> <span class='ocrx_word' id='word_1_411' title='bbox 1605 1546 1736 1579; x_wconf 86' lang='lat' dir='ltr'>alicuius</span> <span class='ocrx_word' id='word_1_412' title='bbox 1766 1546 1879 1580; x_wconf 90' lang='lat' dir='ltr'>notarii</span> 
     </span>
     <span class='ocr_line' id='line_1_79' title="bbox 1141 1600 1879 1645; baseline -0.003 -11"><span class='ocrx_word' id='word_1_413' title='bbox 1141 1601 1260 1645; x_wconf 86' lang='lat' dir='ltr'>publici</span> <span class='ocrx_word' id='word_1_414' title='bbox 1285 1601 1479 1645; x_wconf 77' lang='lat' dir='ltr'>subscriptis,</span> <span class='ocrx_word' id='word_1_415' title='bbox 1496 1606 1526 1633; x_wconf 85' lang='lat' dir='ltr'>et</span> <span class='ocrx_word' id='word_1_416' title='bbox 1550 1601 1651 1644; x_wconf 80' lang='lat' dir='ltr'>sigillo</span> <span class='ocrx_word' id='word_1_417' title='bbox 1671 1610 1823 1644; x_wconf 87' lang='lat' dir='ltr'>personae</span> <span class='ocrx_word' id='word_1_418' title='bbox 1847 1600 1879 1633; x_wconf 88' lang='lat' dir='ltr'>in</span> 
     </span>
     <span class='ocr_line' id='line_1_80' title="bbox 1142 1652 1878 1697; baseline -0.001 -11"><span class='ocrx_word' id='word_1_419' title='bbox 1142 1653 1292 1697; x_wconf 80' lang='lat' dir='ltr'>dignitate</span> <span class='ocrx_word' id='word_1_420' title='bbox 1313 1653 1522 1688; x_wconf 78' lang='lat' dir='ltr'>ecclesiastica</span> <span class='ocrx_word' id='word_1_421' title='bbox 1539 1653 1725 1687; x_wconf 88' lang='lat' dir='ltr'>constitutae</span> <span class='ocrx_word' id='word_1_422' title='bbox 1742 1652 1878 1694; x_wconf 90' lang='lat' dir='ltr'>munitis,</span> 
     </span>
     <span class='ocr_line' id='line_1_81' title="bbox 1142 1705 1878 1751; baseline -0.003 -11"><span class='ocrx_word' id='word_1_423' title='bbox 1142 1707 1250 1740; x_wconf 89' lang='lat' dir='ltr'>eadem</span> <span class='ocrx_word' id='word_1_424' title='bbox 1274 1718 1405 1751; x_wconf 87' lang='lat' dir='ltr'>prorsus</span> <span class='ocrx_word' id='word_1_425' title='bbox 1428 1706 1544 1750; x_wconf 87' lang='lat' dir='ltr'>ubique</span> <span class='ocrx_word' id='word_1_426' title='bbox 1576 1706 1653 1739; x_wconf 86' lang='lat' dir='ltr'>fides</span> <span class='ocrx_word' id='word_1_427' title='bbox 1684 1705 1878 1747; x_wconf 82' lang='lat' dir='ltr'>adhibeatur,</span> 
     </span>
     <span class='ocr_line' id='line_1_82' title="bbox 1142 1759 1879 1805; baseline -0.004 -11"><span class='ocrx_word' id='word_1_428' title='bbox 1142 1771 1221 1805; x_wconf 86' lang='lat' dir='ltr'>quae</span> <span class='ocrx_word' id='word_1_429' title='bbox 1256 1760 1473 1805; x_wconf 85' lang='lat' dir='ltr'>praesentibus</span> <span class='ocrx_word' id='word_1_430' title='bbox 1508 1760 1584 1804; x_wconf 89' lang='lat' dir='ltr'>ipsis</span> <span class='ocrx_word' id='word_1_431' title='bbox 1617 1759 1830 1800; x_wconf 84' lang='lat' dir='ltr'>adhiberetur,</span> <span class='ocrx_word' id='word_1_432' title='bbox 1854 1760 1879 1791; x_wconf 82' lang='lat' dir='ltr'>si</span> 
     </span>
     <span class='ocr_line' id='line_1_83' title="bbox 1142 1813 1672 1848; baseline -0.006 -1"><span class='ocrx_word' id='word_1_433' title='bbox 1142 1814 1245 1848; x_wconf 82' lang='lat' dir='ltr'>forent</span> <span class='ocrx_word' id='word_1_434' title='bbox 1268 1814 1424 1847; x_wconf 83' lang='lat' dir='ltr'>exhibitae</span> <span class='ocrx_word' id='word_1_435' title='bbox 1450 1813 1497 1846; x_wconf 74' lang='lat' dir='ltr'>vel</span> <span class='ocrx_word' id='word_1_436' title='bbox 1520 1817 1672 1846; x_wconf 85' lang='lat' dir='ltr'>ostensae.</span> 
     </span>
    </p>

    <p class='ocr_par' dir='ltr' id='par_1_13' title="bbox 1143 1858 1893 2020">
     <span class='ocr_line' id='line_1_84' title="bbox 1186 1858 1880 1910; baseline -0.003 -10"><span class='ocrx_word' id='word_1_437' title='bbox 1186 1868 1297 1901; x_wconf 87' lang='lat' dir='ltr'>Datum</span> <span class='ocrx_word' id='word_1_438' title='bbox 1318 1868 1445 1907; x_wconf 82' lang='lat' dir='ltr'>Rornae,</span> <span class='ocrx_word' id='word_1_439' title='bbox 1467 1866 1551 1910; x_wconf 89' lang='lat' dir='ltr'>apud</span> <span class='ocrx_word' id='word_1_440' title='bbox 1579 1866 1608 1899; x_wconf 87' lang='lat' dir='ltr'>S.</span> <span class='ocrx_word' id='word_1_441' title='bbox 1634 1865 1761 1898; x_wconf 83' lang='lat' dir='ltr'>Mariani</span> <span class='ocrx_word' id='word_1_442' title='bbox 1787 1858 1880 1899; x_wconf 80' lang='lat' dir='ltr'>Maio-</span> 
     </span>
     <span class='ocr_line' id='line_1_85' title="bbox 1143 1919 1879 1962; baseline -0.003 -8"><span class='ocrx_word' id='word_1_443' title='bbox 1143 1932 1220 1962; x_wconf 85' lang='lat' dir='ltr'>rem,</span> <span class='ocrx_word' id='word_1_444' title='bbox 1246 1921 1303 1954; x_wconf 89' lang='lat' dir='ltr'>sub</span> <span class='ocrx_word' id='word_1_445' title='bbox 1327 1921 1442 1953; x_wconf 87' lang='lat' dir='ltr'>annulo</span> <span class='ocrx_word' id='word_1_446' title='bbox 1459 1919 1636 1960; x_wconf 85' lang='lat' dir='ltr'>Piscatoris,</span> <span class='ocrx_word' id='word_1_447' title='bbox 1658 1919 1708 1952; x_wconf 88' lang='lat' dir='ltr'>die</span> <span class='ocrx_word' id='word_1_448' title='bbox 1729 1929 1783 1953; x_wconf 83' lang='lat' dir='ltr'>xix</span> <span class='ocrx_word' id='word_1_449' title='bbox 1804 1919 1879 1952; x_wconf 89' lang='lat' dir='ltr'>iunii</span> 
     </span>
     <span class='ocr_line' id='line_1_86' title="bbox 1143 1971 1893 2020; baseline -0.007 -10"><span class='ocrx_word' id='word_1_450' title='bbox 1143 1986 1284 2016; x_wconf 78' lang='lat' dir='ltr'>itincxxx,</span> <span class='ocrx_word' id='word_1_451' title='bbox 1301 1975 1500 2020; x_wconf 89' lang='lat' dir='ltr'>pontificatus</span> <span class='ocrx_word' id='word_1_452' title='bbox 1519 1974 1618 2008; x_wconf 91' lang='lat' dir='ltr'>nostri</span> <span class='ocrx_word' id='word_1_453' title='bbox 1643 1983 1723 2007; x_wconf 88' lang='lat' dir='ltr'>anno</span> <span class='ocrx_word' id='word_1_454' title='bbox 1742 1983 1793 2007; x_wconf 83' lang='lat' dir='ltr'>vn.</span> <span class='ocrx_word' id='word_1_455' title='bbox 1884 1971 1893 1978; x_wconf 87' lang='grc'><em>“</em></span> 
     </span>
    </p>

    <p class='ocr_par' dir='ltr' id='par_1_14' title="bbox 1180 2037 1817 2072">
     <span class='ocr_line' id='line_1_87' title="bbox 1180 2037 1817 2072; baseline -0.006 -6"><span class='ocrx_word' id='word_1_456' title='bbox 1180 2039 1237 2066; x_wconf 85' lang='lat' dir='ltr'>Dat.</span> <span class='ocrx_word' id='word_1_457' title='bbox 1260 2039 1303 2066; x_wconf 87' lang='lat' dir='ltr'>die</span> <span class='ocrx_word' id='word_1_458' title='bbox 1327 2038 1358 2065; x_wconf 70' lang='lat' dir='ltr'>tt)</span> <span class='ocrx_word' id='word_1_459' title='bbox 1377 2037 1444 2065; x_wconf 84' lang='lat' dir='ltr'>iunii</span> <span class='ocrx_word' id='word_1_460' title='bbox 1465 2037 1543 2070; x_wconf 85' lang='lat'>1630,</span> <span class='ocrx_word' id='word_1_461' title='bbox 1564 2037 1660 2072; x_wconf 85' lang='lat' dir='ltr'>pontif.</span> <span class='ocrx_word' id='word_1_462' title='bbox 1682 2044 1753 2064; x_wconf 82' lang='lat' dir='ltr'>anno</span> <span class='ocrx_word' id='word_1_463' title='bbox 1774 2042 1817 2063; x_wconf 84' lang='lat' dir='ltr'>vit.</span> 
     </span>
    </p>
   </div>
   <div class='ocr_carea' id='block_1_7' title="bbox 1889 600 2069 647">
    <p class='ocr_par' dir='ltr' id='par_1_15' title="bbox 1889 600 2069 647">
     <span class='ocr_line' id='line_1_88' title="bbox 1915 600 2069 622; baseline 0.019 -4"><span class='ocrx_word' id='word_1_464' title='bbox 1915 600 2024 621; x_wconf 62' lang='lat' dir='ltr'>naturai-ia</span> <span class='ocrx_word' id='word_1_465' title='bbox 2033 607 2069 622; x_wconf 82' lang='lat' dir='ltr'>an-</span> 
     </span>
     <span class='ocr_line' id='line_1_89' title="bbox 1889 627 1934 647; baseline -0.022 -1"><span class='ocrx_word' id='word_1_466' title='bbox 1889 627 1934 647; x_wconf 68' lang='lat' dir='ltr'>sert⁴</span> 
     </span>
    </p>
   </div>
   <div class='ocr_carea' id='block_1_8' title="bbox 1895 1505 2077 1552">
    <p class='ocr_par' dir='ltr' id='par_1_16' title="bbox 1895 1505 2077 1552">
     <span class='ocr_line' id='line_1_90' title="bbox 1933 1505 2077 1530; baseline -0.007 -5"><span class='ocrx_word' id='word_1_467' title='bbox 1933 1505 2077 1530; x_wconf 66' lang='lat' dir='ltr'>Transuuiptis</span> 
     </span>
     <span class='ocr_line' id='line_1_91' title="bbox 1895 1530 2033 1552; baseline -0.014 0"><span class='ocrx_word' id='word_1_468' title='bbox 1895 1531 1953 1552; x_wconf 78' lang='lat' dir='ltr'>credi</span> <span class='ocrx_word' id='word_1_469' title='bbox 1969 1530 2033 1552; x_wconf 74' lang='lat' dir='ltr'>iubet.</span> 
     </span>
    </p>
   </div>
   <div class='ocr_carea' id='block_1_9' title="bbox 1408 2122 1616 2128">
    <p class='ocr_par' dir='ltr' id='par_1_17' title="bbox 1408 2122 1616 2128">
     <span class='ocr_line' id='line_1_92' title="bbox 1408 2122 1616 2128; baseline 0 0"><span class='ocrx_word' id='word_1_470' title='bbox 1408 2122 1616 2128; x_wconf 95' lang='lat' dir='ltr'> </span> 
     </span>
    </p>
   </div>
   <div class='ocr_carea' id='block_1_10' title="bbox 1437 2206 1589 2240">
    <p class='ocr_par' dir='ltr' id='par_1_18' title="bbox 1437 2206 1589 2240">
     <span class='ocr_line' id='line_1_93' title="bbox 1437 2206 1589 2240; baseline -0.007 -1"><span class='ocrx_word' id='word_1_471' title='bbox 1437 2206 1589 2240; x_wconf 79' lang='lat' dir='ltr'>CCCLXV.</span> 
     </span>
    </p>
   </div>
   <div class='ocr_carea' id='block_1_11' title="bbox 1144 2294 1882 2660">
    <p class='ocr_par' dir='ltr' id='par_1_19' title="bbox 1144 2294 1882 2660">
     <span class='ocr_line' id='line_1_94' title="bbox 1144 2294 1882 2339; baseline -0.005 -8"><span class='ocrx_word' id='word_1_472' title='bbox 1144 2296 1328 2332; x_wconf 67' lang='lat' dir='ltr'>prohibitio</span> <span class='ocrx_word' id='word_1_473' title='bbox 1353 2305 1392 2329; x_wconf 77' lang='lat' dir='ltr'>ne</span> <span class='ocrx_word' id='word_1_474' title='bbox 1416 2295 1610 2339; x_wconf 61' lang='lat' dir='ltr'>capet-ianam·</span> <span class='ocrx_word' id='word_1_475' title='bbox 1636 2294 1704 2328; x_wconf 78' lang='lat' dir='ltr'>loca</span> <span class='ocrx_word' id='word_1_476' title='bbox 1721 2300 1748 2328; x_wconf 81' lang='lat' dir='ltr'>et</span> <span class='ocrx_word' id='word_1_477' title='bbox 1770 2295 1882 2329; x_wconf 80' lang='lat' dir='ltr'>domus</span> 
     </span>
     <span class='ocr_line' id='line_1_95' title="bbox 1187 2348 1881 2392; baseline -0.001 -9"><span class='ocrx_word' id='word_1_478' title='bbox 1187 2350 1243 2383; x_wconf 80' lang='lat' dir='ltr'>sub</span> <span class='ocrx_word' id='word_1_479' title='bbox 1270 2349 1364 2382; x_wconf 71' lang='lat' dir='ltr'>titulo</span> <span class='ocrx_word' id='word_1_480' title='bbox 1391 2349 1658 2392; x_wconf 63' lang='lat' dir='ltr'>Conqreqationi&#39;s</span> <span class='ocrx_word' id='word_1_481' title='bbox 1686 2348 1829 2382; x_wconf 76' lang='lat' dir='ltr'>oratorii</span> <span class='ocrx_word' id='word_1_482' title='bbox 1846 2349 1881 2382; x_wconf 79' lang='lat' dir='ltr'>in</span> 
     </span>
     <span class='ocr_line' id='line_1_96' title="bbox 1187 2401 1881 2446; baseline -0.001 -11"><span class='ocrx_word' id='word_1_483' title='bbox 1187 2413 1284 2446; x_wconf 65' lang='lat' dir='ltr'>reyno</span> <span class='ocrx_word' id='word_1_484' title='bbox 1309 2401 1473 2445; x_wconf 41' lang='lat' dir='ltr'>Neapolis</span> <span class='ocrx_word' id='word_1_485' title='bbox 1497 2402 1564 2434; x_wconf 70' lang='lat' dir='ltr'>nisi</span> <span class='ocrx_word' id='word_1_486' title='bbox 1579 2402 1615 2434; x_wconf 79' lang='lat' dir='ltr'>in</span> <span class='ocrx_word' id='word_1_487' title='bbox 1631 2401 1817 2435; x_wconf 71' lang='lat' dir='ltr'>civilatibus</span> <span class='ocrx_word' id='word_1_488' title='bbox 1830 2402 1881 2435; x_wconf 75' lang='lat' dir='ltr'>iu-</span> 
     </span>
     <span class='ocr_line' id='line_1_97' title="bbox 1188 2454 1879 2499; baseline -0.001 -11"><span class='ocrx_word' id='word_1_489' title='bbox 1188 2455 1397 2499; x_wconf 54' lang='lat' dir='ltr'>siynioffbus,</span> <span class='ocrx_word' id='word_1_490' title='bbox 1412 2458 1439 2487; x_wconf 85' lang='lat' dir='ltr'>el</span> <span class='ocrx_word' id='word_1_491' title='bbox 1465 2460 1539 2487; x_wconf 81' lang='lat' dir='ltr'>tunc</span> <span class='ocrx_word' id='word_1_492' title='bbox 1564 2454 1672 2487; x_wconf 75' lang='lat' dir='ltr'>adsint</span> <span class='ocrx_word' id='word_1_493' title='bbox 1697 2454 1802 2488; x_wconf 75' lang='lat' dir='ltr'>decem</span> <span class='ocrx_word' id='word_1_494' title='bbox 1825 2465 1879 2487; x_wconf 83' lang='lat' dir='ltr'>sa-</span> 
     </span>
     <span class='ocr_line' id='line_1_98' title="bbox 1189 2507 1879 2552; baseline 0 -11"><span class='ocrx_word' id='word_1_495' title='bbox 1189 2508 1343 2549; x_wconf 78' lang='lat' dir='ltr'>cerdotes,</span> <span class='ocrx_word' id='word_1_496' title='bbox 1371 2508 1430 2552; x_wconf 76' lang='lat' dir='ltr'>qui</span> <span class='ocrx_word' id='word_1_497' title='bbox 1458 2518 1489 2541; x_wconf 76' lang='lat' dir='ltr'>se</span> <span class='ocrx_word' id='word_1_498' title='bbox 1519 2512 1700 2541; x_wconf 74' lang='lat' dir='ltr'>sustentare</span> <span class='ocrx_word' id='word_1_499' title='bbox 1724 2507 1879 2547; x_wconf 77' lang='lat' dir='ltr'>valeant,</span> 
     </span>
     <span class='ocr_line' id='line_1_99' title="bbox 1189 2560 1880 2606; baseline -0.003 -11"><span class='ocrx_word' id='word_1_500' title='bbox 1189 2562 1271 2606; x_wconf 74' lang='lat' dir='ltr'>quin</span> <span class='ocrx_word' id='word_1_501' title='bbox 1295 2562 1509 2605; x_wconf 73' lang='lat' dir='ltr'>eleemosynas</span> <span class='ocrx_word' id='word_1_502' title='bbox 1527 2571 1681 2605; x_wconf 78' lang='lat' dir='ltr'>quaerere</span> <span class='ocrx_word' id='word_1_503' title='bbox 1697 2560 1880 2606; x_wconf 72' lang='lat' dir='ltr'>coyantur¹.</span> 
     </span>
     <span class='ocr_line' id='line_1_100' title="bbox 1182 2623 1646 2660; baseline -0.002 -8"><span class='ocrx_word' id='word_1_504' title='bbox 1182 2626 1193 2652; x_wconf 81' lang='lat'><strong>1</strong></span> <span class='ocrx_word' id='word_1_505' title='bbox 1216 2624 1253 2652; x_wconf 85' lang='lat' dir='ltr'>Ex</span> <span class='ocrx_word' id='word_1_506' title='bbox 1273 2624 1380 2660; x_wconf 80' lang='lat' dir='ltr'>Regest.</span> <span class='ocrx_word' id='word_1_507' title='bbox 1400 2624 1427 2652; x_wconf 87' lang='lat' dir='ltr'>in</span> <span class='ocrx_word' id='word_1_508' title='bbox 1447 2624 1548 2653; x_wconf 84' lang='lat' dir='ltr'>Secret.</span> <span class='ocrx_word' id='word_1_509' title='bbox 1570 2623 1646 2652; x_wconf 81' lang='lat' dir='ltr'>Brev.</span> 
     </span>
    </p>
   </div>
   <div class='ocr_carea' id='block_1_12' title="bbox 2183 0 2221 2310">
    <p class='ocr_par' dir='ltr' id='par_1_20' title="bbox 2183 0 2221 2310">
     <span class='ocr_line' id='line_1_101' title="bbox 2183 0 2221 2310; baseline 0 0"><span class='ocrx_word' id='word_1_510' title='bbox 2183 0 2221 2310; x_wconf 95' lang='lat' dir='ltr'> </span> 
     </span>
    </p>
   </div>
  </div>
 </body>
</html>
