2248 3229
127 222 316 270 ,fin-C·¹⁶³¹

159 1727 225 1749 Huius
238 1727 317 1749 Consu.

132 1758 219 1778 tutionis
248 1762 316 1776 exem-

131 1784 171 1811 ptis
181 1784 239 1806 credi
250 1783 314 1805 iubet.

170 2213 316 2235 Sanctionem-

133 2245 174 2266 qua
206 2241 316 2266 poenalem

131 2267 262 2294 superaddit.

942 223 1084 250 URBANUS
1102 225 1158 250 vm
1179 225 1226 250 PP.

335 272 420 317 quod
448 271 535 306 nullo
568 281 706 317 unquam
736 277 879 318 tempore
903 273 961 307 sub
985 274 1076 307 simi-

336 325 412 359 lium
444 325 491 359 vel
520 325 718 360 dissimilium
745 326 949 368 facultatum,
982 327 1078 360 licen-

334 379 462 421 tiarum,
492 380 747 423 concessionum,
775 380 1014 424 privilegiorum
1049 386 1079 414 et

335 432 469 466 aliarum
487 433 660 476 gratiarum
679 433 891 478 praefatarum
906 433 1079 468 revocatio-

335 485 438 527 nibus,
455 486 726 531 suspensionibus,
750 487 1001 528 limitationibus,
1025 492 1078 520 aut

335 540 405 574 aliis
429 540 681 586 quibuscumque
713 541 879 575 centrariis
904 540 1078 585 dispositio-

335 593 428 627 nibus
451 603 510 638 pro
533 598 676 638 tempore
707 594 836 628 edendis
867 594 1076 640 comprehen-

335 646 467 688 dantur,
498 646 551 680 sed
576 657 702 691 semper
726 647 764 681 ab
789 648 850 681 illis
875 652 1014 692 excepta,
1037 653 1076 690 et,

334 700 458 744 quoties
471 699 538 733 illa¹
555 706 746 741 emanarent,
761 700 851 735 toties
864 700 895 733 in
907 701 1076 745 pristinum

334 759 364 786 et
382 753 609 788 validissimum
628 760 751 797 statum,
773 755 865 788 etiam
891 755 948 788 sub
970 760 1075 799 poste-

333 807 412 842 riori
436 808 506 842 data
522 819 580 854 per
604 819 668 850 eOS,
690 809 806 853 quibus
830 819 977 843 concessa
994 813 1074 850 sunt,

334 861 499 906 eligenda,
524 863 689 904 restituta,
716 862 854 907 reposita
883 865 913 896 et
935 862 1076 906 plenarie

334 915 535 959 reintegrata,
564 922 594 950 et
618 916 656 950 de
680 927 762 951 novo
787 926 934 950 concessa
959 916 1018 950 sint
1046 921 1076 949 ct

334 979 403 1002 esse
424 974 630 1011 censeantur,
648 979 769 1003 necnon
785 980 844 1014 pro
869 969 996 1002 illorum
1017 969 1075 1002 sus-

334 1022 451 1056 sicienti
483 1023 685 1067 derogatione
717 1023 755 1056 de
787 1022 869 1064 illis,
901 1033 1074 1067 eorumque

334 1077 414 1111 totis·
438 1077 621 1119 tenoribus,
646 1077 812 1121 specialis,
837 1077 994 1122 specifica,
1022 1088 1074 1111 ex-

333 1140 442 1175 pressa
466 1135 496 1164 et
520 1130 687 1174 individua,
704 1141 767 1164 non
788 1136 892 1165 autem
917 1142 973 1176 per
990 1132 1075 1165 clau-

333 1184 416 1218 sulas
435 1184 600 1228 generales
616 1184 698 1218 idem
720 1185 935 1230 imponantes,
958 1186 1074 1219 mentio

333 1248 389 1270 seu
413 1237 541 1282 quaevis
572 1238 632 1271 alia
663 1238 824 1283 expressio
856 1239 999 1272 habenda
1023 1245 1076 1272 aut

332 1290 436 1335 aliqua
465 1291 525 1324 alia
555 1291 709 1336 exquisita
732 1292 833 1325 forma
857 1292 895 1325 ad
926 1293 985 1325 hoo
1010 1303 1075 1325 ser-

332 1344 433 1378 vanda
449 1344 554 1389 soret),
574 1350 700 1378 tenores
724 1345 917 1387 huiusmodi,
938 1356 973 1379 ac
991 1346 1015 1379 si
1037 1346 1075 1378 de

333 1398 430 1432 verbo
449 1398 488 1431 ad
508 1398 641 1431 verbum
662 1398 888 1440 insererentur,
905 1399 1074 1443 praesenti-

333 1451 391 1485 bus
416 1462 476 1496 pro
507 1452 600 1497 plene
633 1456 663 1485 et
694 1452 888 1485 sufficienter
919 1453 1075 1497 expressis

333 1504 493 1547 habentes,
521 1505 633 1539 harum
660 1505 741 1539 serie
766 1506 944 1550 specialiter
969 1512 998 1540 et
1023 1517 1074 1540 ex-

331 1569 440 1602 presse
463 1569 499 1592 ac
522 1558 675 1592 latissime
705 1559 896 1602 derogamus
925 1565 956 1593 ct
983 1559 1073 1593 dero-

331 1617 439 1655 gatum
453 1622 521 1646 esse
535 1612 627 1645 etiam
641 1613 785 1646 volumus
793 1624 800 1654 3
816 1613 991 1658 ceterisque
1004 1624 1075 1647 con-

332 1665 437 1699 trariis
461 1665 724 1710 quibuscumque.

376 1720 391 1764 g
415 1719 466 1753 11.
494 1719 644 1754 Volumus
663 1723 768 1754 autem
785 1725 815 1754 ct
836 1721 1009 1765 apostolica
1024 1732 1075 1754 au-

331 1772 475 1806 ctoritate
491 1773 631 1817 praefata
654 1773 864 1815 decernimus,
881 1775 965 1818 quod
986 1785 1075 1819 prae-

332 1827 465 1860 sentium
503 1828 731 1872 transumptis,
759 1828 854 1861 etiam
890 1828 1073 1873 impressis,

331 1891 427 1916 manu
442 1881 558 1915 notarii
575 1881 692 1925 publici
710 1881 908 1926 subscriptis,
925 1887 955 1916 et
971 1882 1074 1926 sigillo

330 1944 485 1979 personae
502 1934 533 1967 in
553 1934 705 1978 dignitate
730 1935 943 1968 ecclesiastica
963 1936 1075 1970 consti-

330 1994 415 2022 tutae
433 1988 573 2031 munitis,
597 1988 706 2022 eadem
730 1998 864 2032 prorsus
888 1989 966 2023 sides
983 1989 1015 2023 in
1032 1990 1075 2023 iu-

330 2042 413 2076 dicio
437 2046 468 2076 et
491 2047 580 2075 extra
604 2041 683 2075 illud
706 2042 871 2083 habeatur,
892 2053 972 2086 quae
998 2043 1074 2087 ipsis

330 2095 537 2139 originalibus
561 2095 785 2137 adhiberetur,
810 2096 834 2129 si
860 2096 963 2130 forent
987 2097 1073 2130 exhi-

330 2149 414 2183 bitae
434 2149 482 2182 vel
506 2154 660 2183 ostensae.

376 2202 392 2246 ἓ
408 2203 459 2236 ’12
473 2202 557 2237 Nulli
570 2212 647 2245 ergo
660 2202 789 2236 omnino
801 2202 966 2236 hominum
982 2202 1074 2236 liceat

331 2257 412 2290 hanc
423 2256 570 2301 paginam
584 2261 768 2290 nostrorum
782 2256 1015 2298 declarationis,
1029 2268 1075 2290 re-

331 2310 537 2352 validationis,
555 2310 736 2351 sanationis,
758 2311 875 2352 statuti,
900 2310 1072 2344 ordinatio-

330 2365 389 2406 nis,
407 2363 630 2406 concessionis,
655 2364 890 2408 impartitionis,
916 2365 1073 2399 inhibitio-

330 2418 388 2461 nis,
410 2417 622 2460 decretorum,
647 2418 879 2461 mandatorum,
898 2419 1074 2462 derogatio-

329 2472 378 2505 nis
403 2477 434 2505 et
458 2470 625 2505 voluntatis
651 2471 834 2515 infringere,
865 2472 911 2505 rel
939 2472 967 2506 ei
995 2483 1073 2506 ausu

330 2525 501 2560 temerario
516 2525 683 2559 contraire.
700 2525 731 2559 Si
748 2525 818 2569 quis
835 2530 939 2559 autem
953 2526 1013 2560 hoc
1026 2532 1072 2559 at-

330 2584 451 2613 tentare
467 2578 728 2623 praesumpserit,
746 2578 994 2623 indignationem
1010 2591 1072 2614 om-

366 2643 377 2670 1
399 2641 495 2669 Potius
513 2641 631 2676 legerem
652 2641 718 2669 illae
738 2641 774 2675 (n.
787 2642 835 2676 τ.).

411 2695 490 2724 Butl.
511 2695 594 2723 Rom.
615 2710 649 2715 —
666 2695 727 2724 Vol.
743 2694 817 2724 XIV.
986 2696 1019 2723 34

1751 216 1817 249 ⁶205
1863 226 1915 254 An.
1931 226 1959 254 c.
1982 224 2046 254 1631

1114 274 1282 319 nipotentis
1300 274 1353 307 Dei
1375 283 1409 307 ac
1433 272 1598 308 beatorum
1616 274 1697 307 Petri
1715 279 1745 306 et
1770 274 1857 308 Pauli

1114 329 1330 372 postolorunia
1356 328 1422 361 cius
1448 338 1479 361 se
1499 328 1622 362 noverit
1642 328 1854 361 incursurum.

1157 382 1268 415 Datum
1290 382 1417 424 Romae,
1445 382 1528 426 apud
1552 382 1581 416 S.
1611 382 1748 425 Petrum,
1773 392 1855 415 anno

1113 434 1339 469 lncarnationis
1358 435 1540 469 Dominicac
1565 446 1716 477 amcxxm,
1734 446 1778 469 xn
1799 436 1854 468 ka-

1113 488 1219 521 lendas
1232 488 1375 529 ianuarii,
1385 489 1585 533 pontificatus
1598 489 1699 522 nostri
1712 499 1793 523 anno
1810 499 1850 523 lx.

1147 550 1204 578 Dat.
1222 549 1265 578 die
1280 549 1310 577 21
1330 549 1483 578 decembris
1500 551 1583 586 1031,
1603 551 1698 586 pontis.
1714 559 1783 579 anno
1800 558 1836 579 1x.

1155 645 1215 679 Die
1240 654 1270 678 xl
1295 644 1416 678 mensis
1445 646 1561 678 martit
1586 655 1743 680 nncxxxn.
1770 646 1855 681 Illa-

1110 699 1292 733 slrissz'mns
1321 703 1349 732 et
1381 700 1669 733 reverendissimas
1703 701 1855 734 dominus

1109 753 1307 787 Franciscns
1339 752 1551 786 Usz'mbardas
1587 754 1618 787 ζ’.
1643 754 1685 787 Α.
1719 755 1855 787 clericus

1110 811 1138 839 et
1155 806 1378 840 archiviorum
1398 807 1508 841 Status
1526 807 1746 841 Ecclesiastz'cz?
1763 819 1854 851 prae-

1108 859 1219 904 fectuS,
1242 860 1285 893 ad
1314 861 1510 893 instantiam
1535 862 1572 894 R.
1594 862 1632 894 P.
1658 861 1696 894 D.
1734 862 1855 895 Felicis

1111 913 1304 954 Conteloriz'‚
1328 924 1473 947 camerae
1496 915 1664 957 praefatae
1692 916 1855 958 qeneralis

1109 967 1338 1007 commissarii,
1366 967 1408 1000 ad
1432 968 1589 1000 maiorem
1614 968 1797 1009 cantelam,
1826 973 1854 1002 et

1109 1025 1145 1054 nt
1181 1020 1285 1054 dictae
1322 1019 1449 1054 litterae
1483 1020 1676 1064 apostolicae
1711 1032 1850 1068 semper,

1109 1085 1182 1107 cam
1199 1085 1277 1118 opas
1301 1075 1411 1117 fucrit,
1434 1075 1468 1107 in
1486 1075 1597 1108 eadem
1615 1076 1742 1108 camerti
1757 1086 1856 1120 appa-

1109 1133 1212 1169 reant,
1233 1132 1262 1162 et
1282 1127 1366 1161 alitis
1392 1128 1482 1161 omni
1506 1128 1636 1161 meliori
1653 1129 1756 1169 modo,
1781 1133 1852 1168 cte„

1109 1183 1280 1216 mandat-it
1305 1182 1381 1215 illas
1408 1183 1442 1215 in
1467 1181 1612 1222 eiusdem
1638 1192 1783 1215 camerae
1812 1182 1854 1214 a-

1110 1236 1176 1268 bre's
1192 1236 1375 1279 registrari,
1387 1240 1485 1279 prout
1499 1236 1692 1277 ressistratae
1705 1236 1850 1279 sacrant,

1109 1294 1137 1323 ct
1157 1289 1387 1323 collatz'onatae
1412 1289 1615 1322 concordant.
1652 1284 1657 1287 ⁵

1316 1352 1439 1385 I’Ernrs
1464 1352 1628 1385 AN'roxirs
1654 1352 1807 1386 Serenus.

1405 1477 1555 1510 CDXXYI.

1107 1549 1240 1582 Nono-it·
1261 1552 1353 1582 extra
1373 1549 1488 1581 Urbem
1513 1547 1658 1583 creandi.
1674 1552 1853 1592 antequam

1152 1603 1296 1646 officinm
1314 1603 1500 1635 notariatus
1517 1612 1660 1635 exercere
1679 1603 1852 1646 incipiant,

1152 1656 1300 1689 catanzz'nz'
1316 1666 1347 1688 se
1360 1656 1517 1688 subiicere
1534 1655 1659 1696 (lebant,
1676 1656 1734 1689 sab
1750 1656 1854 1699 poena

1151 1710 1321 1743 nntlz'tatz's
1346 1714 1374 1743 et
1398 1709 1488 1752 salsi.

1321 1781 1457 1809 Urbanus
1470 1780 1640 1814 episcopus,

1294 1833 1400 1854 servus
1431 1833 1586 1854 servorum
1607 1826 1674 1859 Dei,

1232 1871 1268 1898 ad
1284 1874 1462 1906 perpetuam
1483 1871 1527 1898 rei
1549 1871 1732 1898 memoriam,

1152 1933 1242 1967 Ratio
1266 1933 1433 1978 pastoralis
1455 1933 1549 1967 officii
1568 1934 1701 1967 sollicite
1722 1934 1854 1977 vigilare
1896 1945 2037 1967 Prooemium.

1108 1998 1166 2022 nos
1180 1988 1338 2028 admonet,
1352 1993 1387 2021 ut
1404 1987 1442 2020 ad
1459 1988 1587 2031 publiea
1605 1988 1721 2027 munia,
1736 1989 1855 2032 praeci-

1108 2052 1170 2086 pue
1189 2053 1266 2075 vero
1290 2047 1475 2075 nostrorum
1496 2047 1526 2074 ct
1551 2048 1675 2075 sanctae
1694 2042 1854 2075 Romanae

1108 2095 1266 2128 Ecclesiae
1284 2095 1484 2128 subditorum
1499 2095 1649 2128 interesse
1665 2106 1854 2129 concernen-

1108 2149 1166 2189 tia,
1195 2148 1380 2189 exercenda,
1405 2149 1463 2181 viri
1488 2149 1712 2192 praeficiantur
1737 2149 1851 2191 idonei,

1108 2203 1180 2247 qui,
1205 2202 1285 2244 sido,
1316 2202 1459 2236 doctrina
1484 2208 1514 2235 et
1538 2203 1731 2247 experientia
1757 2214 1846 2236 com-

1108 2256 1312 2297 mendabiles,
1331 2256 1515 2290 sustinendo
1541 2257 1629 2290 oneri
1651 2257 1709 2290 sibi
1730 2257 1849 2290 credito

1107 2321 1200 2355 pares
1224 2310 1366 2343 existant.

1151 2365 1166 2407 g
1195 2364 1220 2396 l.
1239 2363 1317 2397 Hinc
1335 2368 1381 2397 cst
1400 2363 1484 2407 quod
1503 2374 1569 2404 nos,
1587 2364 1639 2407 qui
1661 2363 1769 2397 hodie¹
1789 2364 1850 2406 (ac-
1895 2373 2052 2411 enhaema

1107 2423 1209 2462 cepto,
1230 2418 1315 2461 quod
1339 2424 1411 2462 post
1433 2418 1623 2452 erectionem
1649 2424 1679 2450 et
1703 2418 1849 2451 constitu·
1865 2403 2052 2453 {.'2,2¹,3¹¹⁰?.';133?:{;².1

1865 2456 1928 2473 tionis
1951 2460 1990 2474 tam
2013 2461 2050 2480 per

1107 2472 1223 2506 tionem
1249 2472 1463 2506 archiviorum
1496 2483 1553 2516 per
1582 2472 1678 2505 felicis
1704 2472 1849 2505 recorda-
1865 2481 1993 2527 ffislgffiylauigu
2016 2487 2051 2527 ᾗ

1108 2526 1199 2559 tionis
1231 2525 1351 2560 Sixtum
1382 2526 1497 2569 Papam
1524 2526 1546 2557 V
1570 2526 1846 2569 praedecessorem
1864 2536 1910 2555 cmc
1928 2540 1953 2555 ne
1974 2536 2049 2555 uotam

1143 2598 1154 2624 1
1172 2596 1241 2624 Vide
1256 2597 1347 2624 Const.
1364 2596 1490 2632 praeced.
1513 2605 1594 2632 quam
1621 2597 1681 2625 ideo
1702 2598 1846 2634 praemisi-

1107 2650 1175 2678 mus,
1196 2642 1258 2678 quia
1279 2641 1306 2669 in
1328 2642 1378 2669 ista
1398 2641 1495 2669 citatur
1511 2642 1547 2678 (n.
1566 2642 1615 2676 T.).
