2248 3229
228 250 276 276 An.
294 249 322 278 C.
339 249 409 277 1635

244 1956 302 1977 Nunc
313 1962 362 1977 vero
373 1962 407 1983 pe-

223 1984 297 2004 cunias
316 1983 342 2003 ad
365 1983 406 2003 cle-

223 2016 267 2030 rum
289 2010 335 2029 inde
357 2016 407 2036 spe—

224 2038 305 2056 ctantes
314 2036 407 2056 fabricae

222 2062 325 2083 basilicae
336 2062 358 2083 S,
370 2063 408 2083 Pe·

223 2089 248 2108 tri
264 2088 352 2110 addicit.

454 240 519 274 484
999 248 1178 272 BULLARIUM

427 298 580 338 civitatis,
606 296 829 330 suburbiorum
844 322 852 335 ,
884 305 920 328 ac
951 295 1111 329 districtus
1135 300 1166 327 et

428 350 574 383 casalium
600 348 825 392 praefatorum,
846 347 883 380 ad
908 347 1068 380 evitandas
1084 347 1165 380 frau-

427 403 491 442 des,
510 402 644 444 exigere,
669 401 850 445 eisdemque
870 401 955 434 clero
973 406 1003 434 et
1020 400 1164 444 personis

425 454 644 488 ecclesiasticis
667 460 766 487 ratam
788 454 832 487 eis
849 454 984 487 debitam
998 454 1163 488 restituere

424 508 634 549 intendebant,
652 514 682 541 et
698 513 868 552 propterea
885 507 1011 541 eosdem
1026 518 1163 541 commu-

422 561 550 594 nitatem
564 566 594 594 et
610 561 755 594 homines
778 561 816 593 ad
837 561 973 605 aliquam
991 571 1086 604 super
1102 561 1162 594 hoc

423 614 666 646 transactionem
691 624 762 646 cum
788 614 873 646 clero
897 619 927 646 et
951 614 1095 657 personis
1111 624 1157 646 ec-

423 667 603 700 clesiasticis
613 667 782 711 praedictis
793 667 938 700 devenire
947 677 1075 699 necesse
1085 672 1161 707 erat,

422 720 535 754 dilecto
560 721 624 753 filio
649 724 756 754 nostro
790 724 819 754 et
846 720 1044 764 Apostolicae
1074 719 1162 753 Sedis

422 775 453 807 in
471 785 569 817 regno
589 775 795 818 Neapolitano
816 774 1024 807 commoranti
1044 774 1161 806 nuncio

421 839 477 872 per
501 828 576 861 alias
600 833 724 861 nostras
748 828 779 860 in
803 828 898 861 simili
930 828 1030 861 forma
1056 827 1162 860 Brevis

422 882 581 925 expeditas
612 882 732 915 litteras
763 881 1000 923 commisimus,
1032 885 1066 913 ut
1098 886 1159 913 tam

423 946 518 979 super
542 941 712 978 augmento
736 935 808 968 novi
833 935 922 978 grani
952 945 1011 978 pro
1036 934 1138 967 rotulo
1153 961 1160 975 ,

422 999 514 1032 quam
534 989 734 1032 impositione
751 989 890 1032 gabellae
911 982 1002 1022 unius
1023 988 1159 1021 caroleni

422 1052 480 1084 pro
505 1042 645 1085 quolibet
670 1047 754 1074 staro
779 1042 850 1082 olei,
867 1047 899 1074 ut
917 1041 1104 1085 praefertur,
1122 1040 1161 1073 fa-

422 1095 490 1135 ctis,
507 1095 697 1139 illorumque
714 1095 876 1128 exactione
894 1095 924 1127 in
941 1095 1003 1127 vim
1017 1094 1161 1127 licentiae

422 1158 439 1180 a
463 1147 545 1182 dicto
565 1149 679 1181 nuncio
697 1148 758 1180 illis
776 1147 994 1181 concedendae
1009 1147 1160 1187 facienda,

422 1212 493 1234 cum
519 1201 636 1234 eisdem
668 1201 893 1234 communitate
921 1207 951 1233 et
980 1199 1162 1233 hominibus

422 1255 542 1288 ratione
567 1260 651 1287 ratae
677 1265 734 1298 per
758 1265 812 1287 eos
836 1254 925 1287 dictis
942 1254 1026 1287 clero
1045 1259 1075 1286 et
1092 1264 1162 1297 per-

422 1308 506 1341 sonis
531 1308 758 1350 ecclesiasticis,
779 1307 816 1340 ad
837 1307 995 1340 evitandas
1013 1307 1161 1349 kaudes,

422 1365 455 1392 ut
478 1361 665 1404 praefertur,
682 1371 699 1392 a
716 1360 798 1393 dicta
814 1359 864 1392 die
888 1370 921 1393 vl
941 1360 1073 1392 ianuarii
1092 1370 1162 1403 pro-

422 1414 504 1446 xime
520 1414 681 1457 praeteriti
698 1419 727 1446 et
744 1414 774 1446 in
788 1413 930 1446 futurum
951 1414 1162 1447 restituendae

422 1467 597 1510 transigere
622 1472 651 1499 et
669 1467 873 1507 concordare,
894 1478 930 1500 ac
947 1477 1162 1511 quascumque

422 1521 594 1564 scripturas
617 1521 753 1564 desuper
778 1521 971 1554 necessarias
999 1527 1030 1553 et
1046 1531 1162 1564 oppor-

422 1579 512 1606 tunas
536 1573 648 1607 confici
672 1574 774 1607 facere
791 1575 890 1607 libere
907 1579 937 1607 et
955 1574 1038 1606 licite
1056 1580 1162 1617 posset
1178 1594 1179 1601 κ

423 1632 453 1659 et
477 1627 603 1668 valeret,
628 1627 800 1670 apostolica
826 1627 1010 1660 auctoritate
1026 1627 1158 1660 faculta-

422 1685 484 1712 tem
510 1681 723 1713 concessimus
748 1685 778 1713 et
804 1680 957 1724 impertiti
982 1691 1107 1721 sumus,
1132 1686 1162 1713 et

422 1733 507 1773 alias,
531 1739 626 1777 prout
649 1734 680 1766 in
703 1733 872 1777 praedictis
896 1733 964 1765 aliis
988 1733 1104 1766 nostris
1129 1733 1160 1765 in

422 1787 523 1819 forma
548 1787 654 1819 Brevis
679 1787 832 1830 expeditis
862 1787 995 1827 litteris,
1026 1797 1160 1830 quarum

422 1845 547 1873 tenores
566 1840 784 1884 praesentibus
802 1851 861 1884 pro
878 1840 1032 1883 expressis
1050 1840 1159 1873 haberi
1176 1863 1177 1880 2

422 1893 578 1933 volumus,
602 1893 724 1936 plenius
748 1893 934 1926 continetur.

468 1947 482 1989 ξ
506 1946 535 1978 2.
560 1947 639 1986 Nos,
664 1946 799 1979 fabricae
827 1946 974 1979 basilicae
1005 1947 1160 1990 Principis

422 2000 643 2043 Apostolorum
663 2000 701 2032 de
718 2000 802 2033 L'rbe
826 2000 942 2032 iamdiu
963 2005 1091 2043 coeptae
1108 2011 1159 2033 ex-
1175 2013 1176 2016 ¹

423 2053 626 2093 tructionem,
651 2063 730 2096 quae
755 2053 861 2086 multis
886 2053 1032 2086 subsidiis
1053 2053 1092 2086 ob
1112 2053 1159 2085 in-

422 2112 530 2150 gentes
554 2112 697 2150 sumptus
722 2106 861 2149 indiget,
892 2106 1059 2149 aliquando
1085 2117 1159 2140 con—

422 2161 573 2194 summari
601 2161 772 2204 cupientes,
796 2160 1075 2204 praedecessorum
1102 2170 1159 2193 no-

421 2220 575 2255 strorum,
603 2214 656 2258 qui
684 2219 782 2247 ratam
810 2214 990 2258 praedictae
1018 2214 1158 2257 gabellae

421 2269 509 2311 grani
534 2268 571 2300 ad
596 2268 750 2310 rotulum,
777 2278 856 2311 quae
873 2268 911 2300 ab
929 2268 1047 2300 eisdem
1073 2268 1158 2300 clero

420 2325 450 2355 et
473 2321 615 2365 personis
640 2321 859 2354 ecclesiasticis
883 2321 1035 2363 exigitur,
1056 2326 1086 2353 et
1105 2320 1158 2353 iis-

420 2374 491 2407 dem
527 2374 687 2415 redditur,
724 2374 818 2406 rariis
850 2374 1046 2417 Apostolicae
1070 2373 1158 2406 Sedis

420 2427 618 2460 suble-randis
651 2426 889 2460 necessitatibus
922 2427 1157 2467 attribuerunt,

420 2481 559 2523 vestigiis
583 2481 792 2521 inhaerentes,
810 2486 897 2513 motu
921 2480 1051 2524 proprio
1072 2485 1102 2512 et
1121 2489 1157 2511 ex

422 2536 505 2566 certa
541 2533 669 2566 scientia
704 2545 739 2568 ac
774 2534 898 2566 matura
933 2533 1157 2567 deliberatione

421 2587 546 2627 nostris,
571 2587 670 2631 deque
694 2587 882 2631 apostolicae
907 2587 1069 2631 potestatis
1088 2586 1154 2630 ple-

421 2639 572 2681 nitudine,
597 2651 706 2674 omnes
729 2645 759 2675 et
782 2651 994 2684 quascumque
1011 2640 1171 2684 pecunia-'

1197 247 1354 271 ROMANUM
1947 247 1994 273 Αη.
2013 246 2040 272 C.
2062 245 2130 273 1635

1198 305 1270 327 rum
1294 304 1442 336 summaS,
1468 304 1547 338 quae
1564 305 1600 327 ex
1617 295 1683 327 rata
1709 296 1866 339 augmenti
1883 305 1932 338 ga-

1197 347 1296 380 bellae
1320 347 1455 380 duorum
1480 357 1651 390 granorum
1681 358 1739 390 pro
1766 349 1869 382 rotulo
1893 348 1931 380 ad
1974 380 1976 383 ,

1197 401 1280 433 aliud
1317 411 1468 444 granum,
1501 412 1535 433 ac
1572 401 1769 444 impositione
1804 401 1932 434 alterius

1196 454 1337 497 gabellae
1356 454 1449 487 unius
1466 454 1603 487 caroleni
1619 465 1677 497 pro
1694 454 1834 498 quolibet
1850 459 1933 487 staro

1197 507 1268 547 olei,
1285 506 1323 540 ab
1344 507 1562 540 ecclesiasticis
1580 507 1725 551 personis
1739 506 1933 540 secularibus

1196 565 1226 593 et
1250 560 1387 593 cuiusvis
1411 560 1535 594 Ordinis
1567 560 1768 603 quantumvis
1797 560 1932 604 exempti

1196 614 1396 657 regularibus
1419 613 1450 646 in
1475 614 1536 646 vim
1556 613 1732 647 litterarum
1752 619 1931 647 nostrarum

1196 666 1375 699 huiusmodi
1402 666 1569 709 exigentur
1585 671 1614 699 et
1630 667 1673 699 eis
1687 666 1865 709 reddentur,
1880 677 1934 700 seu

1177 716 1276 763 'exig-i
1302 726 1331 752 et
1355 720 1443 753 reddi
1464 720 1629 761 debebunt,
1655 731 1787 764 quarum
1812 720 1934 764 quanti-

1195 778 1311 814 tatem,
1344 778 1595 817 quantacumque
1627 774 1686 814 sit,
1716 774 1933 817 praesentibus

1195 827 1289 859 etiam
1306 838 1364 871 pro
1381 827 1572 860 sufficienter
1592 829 1738 870 expressa
1755 827 1864 860 haberi
1883 837 1933 860 vo-

1195 881 1317 922 lumus,
1342 881 1500 924 praefatae
1526 881 1679 921 fabricae,
1706 884 1814 914 tenore
1842 890 1932 923 prae-

1177 933 1178 943 *
1195 934 1340 974 sentium,
1358 934 1564 978 applicamus,
1581 944 1616 966 ac
1631 934 1837 978 pecuniarum
1853 944 1934 966 sum-

1195 998 1260 1020 mas
1286 988 1465 1021 huiusmodi
1491 988 1527 1020 ad
1553 999 1644 1021 usum
1671 987 1771 1021 dictae
1796 987 1933 1020 fabricae

1194 1041 1286 1084 exigi,
1312 1046 1341 1074 et
1366 1041 1397 1073 in
1421 1052 1492 1074 eum
1519 1041 1658 1074 converti
1684 1042 1836 1074 volumus.

1239 1095 1253 1138 ξ
1277 1094 1306 1127 3.
1333 1095 1530 1139 Quapropter
1554 1095 1654 1127 eidem
1684 1095 1800 1128 nuncio
1824 1099 1933 1127 nostro

1195 1158 1251 1191 per
1264 1154 1445 1192 praesentes
1460 1148 1686 1182 committimus
1700 1154 1729 1181 et
1740 1148 1933 1188 mandamus,

1195 1207 1229 1233 ut
1252 1202 1428 1244 praedictas
1444 1202 1650 1245 pecuniarum
1671 1212 1819 1242 summas,
1840 1206 1870 1234 et
1888 1211 1934 1234 ra-

1197 1260 1257 1287 tam
1279 1256 1438 1298 augmenti
1455 1255 1594 1298 gabellae
1608 1256 1743 1288 duorum
1761 1265 1933 1298 granorum

1196 1318 1254 1351 pro
1271 1309 1374 1341 rotulo
1395 1308 1432 1340 ad
1453 1309 1537 1341 aliud
1555 1319 1700 1351 granum,
1716 1314 1746 1341 et
1762 1308 1933 1352 impositio-

1196 1371 1267 1393 nem
1286 1361 1413 1394 alterius
1431 1361 1569 1404 gabellae
1587 1360 1760 1404 praedicta¹
1779 1362 1892 1404 exigat,
1906 1366 1935 1394 et

1196 1425 1337 1447 summas
1362 1415 1541 1448 huiusmodi
1558 1415 1701 1459 personis
1718 1426 1735 1447 a
1752 1414 1936 1448 venerabili-

1195 1467 1254 1500 bus
1270 1468 1420 1501 fratribus
1444 1469 1560 1502 nostris
1577 1469 1605 1502 S.
1624 1469 1657 1501 R.
1674 1469 1707 1501 E.
1725 1468 1934 1501 cardinalibus

1196 1522 1297 1554 eidem
1321 1522 1458 1555 fabricae
1482 1522 1648 1566 praefectis
1665 1521 1860 1554 declarandis
1876 1531 1934 1564 pro

1195 1575 1295 1607 dictae
1320 1575 1458 1608 fabricae
1483 1575 1659 1619 sumptibus
1684 1575 1856 1618 consignet.
1872 1575 1934 1607 Nos

1195 1627 1279 1660 enim
1303 1628 1356 1660 illa
1381 1629 1553 1671 praemissa
1576 1628 1731 1668 faciendi,
1757 1633 1787 1660 et
1810 1626 1934 1670 quasvis

1194 1692 1344 1725 personas
1368 1682 1406 1714 ad
1430 1682 1555 1715 easdem
1581 1692 1719 1714 summas
1743 1681 1785 1713 itti
1810 1681 1932 1725 persol-

1194 1735 1326 1777 vendas,
1353 1735 1499 1768 omnibus
1524 1735 1601 1768 iuris
1626 1740 1656 1767 et
1679 1735 1750 1767 facti
1776 1735 1932 1775 remediis,

1194 1798 1229 1820 ac
1254 1788 1394 1820 censuris
1419 1793 1449 1820 et
1473 1789 1582 1831 poenis
1607 1788 1835 1828 ecclesiasticis,
1853 1788 1878 1820 si
1899 1798 1933 1821 o-

1194 1852 1252 1884 pus
1276 1842 1381 1881 suerit,
1399 1841 1529 1883 cogendi
1555 1847 1585 1874 et
1609 1841 1830 1885 compellendi,
1850 1841 1934 1874 auxi-

1194 1894 1333 1937 liumque
1357 1895 1477 1927 brachii
1503 1895 1663 1935 secularis,
1681 1895 1705 1927 si
1727 1905 1804 1938 opus
1829 1894 1932 1934 suerit,

1194 1947 1375 1988 invocandi,
1396 1948 1520 1991 plenam
1542 1953 1571 1980 et
1591 1948 1721 1980 liberam
1743 1949 1932 1988 facultatem,

1194 2001 1375 2033 earumdem
1399 2005 1505 2034 tenore
1527 2001 1758 2044 praesentium,
1780 2000 1928 2034 concedi-

1193 2064 1263 2086 mus
1281 2060 1310 2086 et
1327 2055 1536 2098 impertimur.
1853 2051 1855 2053 ’

1238 2108 1252 2151 ἓ
1276 2107 1305 2140 4,
1324 2108 1391 2140 Non
1410 2107 1605 2140 obstantibus
1626 2108 1817 2150 praemissis,
1835 2118 1870 2140 ac
1888 2117 1933 2140 re-

1193 2160 1267 2202 gula
1288 2164 1396 2194 nostra
1412 2160 1449 2193 de
1463 2161 1530 2193 iure
1545 2161 1685 2203 quaesito
1703 2171 1765 2193 non
1783 2160 1931 2201 tollendo,

1192 2223 1315 2245 necnon
1338 2214 1486 2246 omnibus
1512 2213 1582 2253 illis,
1607 2223 1686 2256 quae
1711 2213 1741 2245 in
1767 2213 1857 2259 dictis
1882 2213 1930 2245 lit-

1192 2266 1267 2298 teris
1302 2267 1459 2299 voluimus
1490 2277 1552 2299 non
1586 2267 1732 2307 obstare,
1758 2266 1931 2310 ceterisque

1193 2319 1358 2351 contrariis
1383 2320 1644 2363 quibuscumque.

1236 2372 1346 2405 Datum
1374 2373 1501 2413 Romae,
1523 2373 1607 2416 apud
1631 2373 1659 2406 S.
1682 2373 1810 2406 Mariam
1836 2373 1930 2406 Maio-

1192 2436 1270 2466 rem,
1294 2426 1352 2459 sub
1372 2427 1487 2459 annulo
1505 2427 1683 2467 piscatoris,
1705 2427 1754 2459 die
1780 2437 1832 2460 xix
1853 2426 1930 2459 iunii

1192 2490 1352 2520 iuncxxxv,
1370 2480 1569 2524 pontificatus
1586 2481 1685 2514 nostri
1710 2491 1791 2514 anno
1808 2490 1861 2513 ΧΗ.

1226 2534 1287 2560 Dat.
1305 2533 1346 2561 die
1361 2534 1394 2561 19
1410 2533 1475 2560 iunii
1493 2534 1570 2569 1635,
1592 2534 1685 2570 pontif.
1703 2542 1772 2560 anno
1786 2540 1834 2560 xit.

1971 1103 2042 1129 quue,
2053 1105 2075 1122 ut
2085 1108 2131 1132 exe-

1950 1132 2026 1155 quatur
2037 1145 2041 1153 ,
2055 1134 2132 1149 nuncio

1949 1156 2064 1185 apostolico
2075 1161 2133 1175 com-

1949 1185 2019 1203 inunt.

1948 2112 2058 2134 Obstantia
2070 2112 2122 2133 tollit

1225 2606 1238 2631 1
1257 2605 1375 2641 Legend.
1388 2606 1458 2633 t'oret
1468 2606 1636 2641 praedictae
1652 2606 1692 2633 vel
1704 2606 1927 2640 praedictarum

1190 2651 1229 2683 (R.
1247 2650 1294 2685 12).
