2248 3229
180 207 228 234 An.
245 207 275 234 c.
297 206 367 235 1633
413 198 478 233 330

223 269 337 291 Nonnntlos
352 276 365 292 a

179 297 312 346 ixiistmuuone
323 299 365 320 exi-

424 257 439 301 ἓ
463 256 492 290 5.
518 254 580 290 Sub
606 255 666 290 hoc
691 259 794 288 autem
819 253 947 287 decreto
971 259 1002 286 et
1025 263 1116 285 man-

378 311 450 345 dato
475 310 513 344 de
536 309 731 343 restituenda
762 308 829 342 rata
854 307 955 341 dictae
980 306 1121 340 decimae

379 365 480 398 soluta
505 368 535 397 et
558 361 705 396 solvenda
736 360 1007 405 comprehendere
1030 360 1121 394 nolu-

380 427 451 450 mus
481 418 724 460 praeceptores,
754 414 908 448 baiulivos
940 419 970 447 et
1000 414 1122 458 priores

380 469 532 505 Ordinum
558 467 742 503 militiarum
760 466 994 512 praedictarum
1011 477 1123 511 regno-

380 533 451 556 rum
476 520 625 556 Castellae
649 526 679 555 et
703 521 858 565 Legionis,
879 531 980 565 neque
1005 520 1124 565 episco-

380 586 462 621 pos,
493 574 770 620 archiepiscopos,
802 574 1061 619 metropolitanos
1093 579 1124 608 ct

381 630 532 675 primates
566 629 752 663 eorumdem
778 639 950 673 regnorum
974 629 1125 663 Castellae

384 688 413 716 et
429 683 584 727 Legionis,
602 682 656 727 qui
676 683 854 728 praedictae
879 683 1019 717 decimae
1043 682 1124 716 solu-

382 738 459 771 tioni
481 737 719 779 consenserint,
751 747 809 771 nec
843 741 978 781 quatuor
1002 739 1125 771 sanctae

381 791 541 825 Romanae
566 791 722 826 Ecclesiae
747 791 921 825 cardinales
938 791 968 824 in
985 791 1124 824 Romana

384 845 472 879 curia
496 848 688 889 praesentes,
712 855 748 878 ac
772 844 982 878 ecclesiastica
1006 843 1124 877 benefi-

384 900 432 932 cia
452 904 481 931 et
506 910 561 932 seu
579 899 746 943 pensiones
762 909 975 942 quascumque
993 898 1024 930 in
1038 908 1126 942 prae-

385 952 475 986 dictis
503 953 609 996 regnis
633 952 781 987 Castellae
813 956 843 985 et
870 951 1016 995 Legionis
1046 951 1126 984 obti-

384 1012 504 1049 nentes,
521 1006 574 1050 qui
594 1017 654 1051 pro
672 1006 873 1039 concessione
891 1005 1126 1049 approbationis

385 1060 515 1094 subsidii
539 1060 669 1104 praefati
690 1059 797 1093 decem
824 1064 853 1092 et
877 1069 991 1092 novem
1016 1058 1126 1092 millio-

384 1124 462 1147 num
487 1124 558 1147 cum
590 1113 721 1147 dimidio
751 1112 835 1157 apud
868 1123 925 1146 nos
958 1112 1127 1145 efficaciter

386 1168 568 1211 iteratisque
595 1167 706 1201 officiis
735 1167 936 1207 institerunt,
961 1165 1127 1210 minusque

387 1221 572 1256 corumdem
597 1231 768 1264 regnorum
794 1220 943 1254 Castellae
968 1224 996 1252 et
1020 1219 1129 1263 Legio-

386 1276 435 1309 nis
453 1275 652 1315 monasteria,
670 1279 851 1316 conventus,
870 1273 1002 1316 collegia
1014 1278 1043 1306 et
1061 1274 1129 1306 loca

388 1329 558 1372 regularia,
580 1332 802 1372 praeterquam
828 1326 1128 1367 sanctimonialium,

390 1392 564 1426 eorumque
581 1381 787 1426 praepositos,
805 1381 985 1425 superiores
1009 1384 1039 1414 et
1062 1390 1130 1424 per-

390 1446 482 1470 sonas
507 1436 690 1479 regulares,
718 1435 771 1479 qui
796 1441 825 1468 ct
849 1445 929 1479 quae
958 1434 1129 1478 praefatam

390 1490 544 1523 decimam
571 1490 691 1523 solvere
716 1489 963 1522 conventualiter
983 1488 1030 1521 vel
1055 1488 1149 1521 aliasv

391 1544 475 1577 iuxta
500 1553 610 1577 eorum
635 1543 761 1577 solitum
779 1543 884 1575 stilum
904 1542 1130 1583 consenserint,

390 1597 506 1641 quibus
529 1597 607 1630 nihil
631 1596 862 1630 restituendum
892 1606 959 1629 esse
984 1596 1128 1629 declara-

392 1662 471 1684 mus.
500 1651 538 1684 Ut.
564 1655 668 1684 autem
702 1651 805 1684 clerus
837 1660 1030 1693 regnorum,
1058 1660 1131 1693 pro-

392 1704 567 1737 vinciarum
601 1714 656 1737 seu
691 1703 904 1737 dominiorum
941 1714 977 1736 ac
1010 1703 1129 1735 insula-

392 1769 463 1791 rum
481 1758 630 1791 solutioni
646 1757 746 1790 dictae
763 1757 903 1790 decimae
920 1756 1074 1789 obnoxius
1096 1766 1131 1788 ex

393 1812 595 1856 impositione
619 1811 800 1845 huiusmodi
821 1811 926 1844 oneris
948 1810 1132 1845 restituendi

394 1877 449 1899 seu
473 1865 612 1899 solvendi
636 1871 736 1898 ratam
761 1865 861 1899 dictae
882 1865 1022 1898 decimae
1047 1875 1135 1908 prae-

394 1919 456 1951 fato
481 1919 566 1951 clero
590 1929 761 1961 regnorum
779 1919 929 1952 Castellac
947 1924 976 1950 et
990 1918 1134 1961 Legionis

394 1972 508 2012 minus,
523 1977 673 2015 quantum
692 1972 759 2004 lieri
778 1977 888 2015 potest,
910 1976 1068 2014 gravetur,
1085 1982 1134 2004 vo-

394 2026 499 2057 lumus
523 2026 663 2069 praefato
683 2025 771 2058 oneri
796 2025 981 2058 restituendi
1005 2024 1134 2057 minime

395 2079 558 2111 subiacere
589 2078 754 2122 hospitalia
788 2078 1033 2122 hospitalitatem
1064 2082 1135 2111 actu

395 2133 589 2173 exercentia,
607 2133 754 2165 ecclesias
772 2138 798 2166 et
817 2133 884 2165 lora
901 2133 950 2176 pia
967 2143 1135 2177 quaecum-

396 2197 458 2231 que
483 2196 518 2219 cx
552 2186 756 2230 eleemosynis
789 2186 947 2218 dumtaxat
981 2185 1135 2226 viventia,

396 2251 432 2273 ac
467 2243 606 2273 rectores
640 2239 869 2284 parochialium
908 2239 1135 2280 ecclesiarum,

397 2304 532 2339 quarum
557 2298 681 2327 eentum
697 2292 715 2334 ¹,
736 2293 794 2326 alia
820 2304 894 2326 vcro
914 2293 1067 2326 beneficia
1086 2293 1136 2326 ob-

397 2348 547 2388 tinentes,
573 2353 602 2380 et
626 2347 657 2379 in
682 2347 787 2391 aliquo
812 2357 848 2379 ex
873 2347 917 2390 eis
943 2346 1136 2387 residentes,

398 2412 534 2445 quorum
556 2400 680 2434 insimul
699 2400 906 2444 quadraginta
923 2400 1052 2433 ducatos
1069 2400 1136 2433 auri

398 2454 437 2487 de
461 2455 587 2487 camera
612 2454 742 2495 fructus,
761 2453 901 2487 redditus
919 2457 948 2488 et
967 2458 1138 2497 proventus

400 2508 560 2540 annuatim
584 2517 646 2541 non
666 2507 829 2540 excedunt.

438 2624 448 2650 1
466 2622 585 2651 Pessime
601 2623 663 2652 edit.
682 2623 760 2652 tttain.
779 2623 859 2652 habet
875 2627 984 2652 certum
1001 2625 1036 2659 (T.
1053 2624 1103 2658 ἢ).

968 206 1146 230 nULLARIUM
1172 206 1326 230 ROMANUM

1197 254 1213 297 ἓ
1237 252 1266 286 6.
1290 253 1328 286 Et
1351 256 1385 287 ut
1408 254 1504 287 ceteri
1525 253 1563 287 de
1579 254 1662 289 dicto
1680 255 1765 288 clero
1783 264 1895 298 regno-

1154 317 1247 348 rum,
1271 306 1508 351 provinciarum
1533 317 1589 341 seu
1612 307 1766 342 ditionum
1792 313 1823 342 et
1846 309 1892 342 in·
1909 324 2045 372 ριῃῗεεηὲιω
2060 331 2092 346 re-

1909 357 1918 372 8
1930 357 1936 372 1
1946 356 1987 372 nen
2004 357 2045 372 Um.

1155 361 1294 394 sularum
1302 360 1483 394 huiusmodi
1493 359 1612 394 facilius
1619 360 1680 394 hoc
1689 371 1805 395 novum
1815 372 1895 396 onus

1156 414 1309 448 sustinere
1325 414 1456 456 valeant,
1470 414 1531 447 illis
1555 413 1725 448 terminum
1741 425 1895 449 annorum

1156 468 1263 509 trium,
1280 468 1328 501 vel
1353 471 1497 512 quatuor,
1514 472 1567 501 aut
1590 467 1740 512 quinque,
1764 468 1896 503 arbitrio

1158 521 1299 555 eiusdem
1315 521 1423 554 nuncii
1439 520 1663 565 incipiendum,
1679 520 1717 553 ad
1733 520 1897 555 restituen-

1158 574 1229 608 dam
1250 573 1443 618 praedictam
1462 578 1562 607 ratam
1580 573 1721 608 decimae
1736 574 1768 607 in
1787 574 1898 607 annuis

1159 627 1345 673 aequalibus
1378 632 1408 660 et
1435 627 1586 662 distinctis
1607 627 1817 661 solutionibus
1841 637 1899 671 per

1159 681 1305 716 eumdem
1324 680 1476 714 nuncium
1492 680 1806 726 proportionabiliter
1822 680 1899 714 assi-

1159 735 1291 780 gnandis
1309 734 1519 769 concedimus.

1203 791 1218 833 ἓ
1243 789 1271 823 7.
1298 789 1448 822 Volumus
1472 793 1587 830 autem,
1612 788 1696 832 quod
1717 787 1804 822 finita
1827 798 1898 822 exa-

1910 208 1960 235 An.
1977 209 2005 236 C.
2025 210 2093 239 1633

1973 271 2093 293 Terminum

1909 297 1971 318 trium
1990 303 2092 319 annorum

1159 843 1260 876 ctione
1295 841 1473 886 praedictae
1508 841 1649 875 decimae
1680 846 1898 875 sexcentorum
1914 857 1935 877 <ij
1956 862 2008 877 onus
2029 857 2099 877 suma-

1160 897 1293 930 mitlium
1307 896 1494 930 ducatorum
1511 900 1655 930 monetae
1669 895 1847 939 Hispaniae,
1864 905 1900 930 ac

1160 951 1245 984 finita
1282 950 1443 995 praedicta
1479 949 1678 983 restitutione
1691 977 1699 992 ,
1731 959 1900 992 gravamen

1160 1005 1334 1050 praefatum
1348 1003 1559 1048 impositionis
1575 1008 1606 1037 et
1618 1003 1823 1037 restitutionis
1840 1013 1901 1036 ces-

1161 1064 1206 1092 set
1218 1069 1255 1093 eo
1268 1058 1337 1103 ipso
1355 1058 1421 1092 sine
1438 1069 1493 1102 spe
1510 1058 1593 1092 illius
1606 1057 1840 1103 prorogationis
1853 1057 1900 1091 vel

1161 1123 1259 1146 novae
1277 1111 1497 1146 concessionis.

1206 1167 1221 1210 ξ
1235 1166 1263 1200 8.
1278 1166 1496 1206 Decernentes,
1512 1170 1694 1210 praesentes
1714 1165 1834 1198 litteras
1855 1175 1903 1198 va-

1163 1219 1249 1261 lidas,
1269 1219 1377 1252 sirmas
1402 1223 1432 1252 et
1456 1219 1598 1252 efficaces
1617 1218 1750 1252 existere
1775 1223 1804 1251 et
1824 1218 1901 1260 sore,

1163 1273 1269 1316 sicque
1284 1283 1341 1317 per
1358 1282 1574 1316 quoscumque
1590 1272 1708 1305 iudices
1726 1271 1903 1306 ordinarios

1164 1331 1193 1359 et
1208 1326 1379 1369 delegatos,
1397 1326 1489 1360 etiam
1506 1335 1673 1359 causarum
1698 1325 1805 1369 palatii
1828 1335 1903 1369 apo-

1164 1380 1265 1413 stolici
1301 1376 1482 1419 auditores,
1507 1377 1630 1412 sublata
1662 1378 1707 1411 eis
1735 1383 1766 1412 et
1793 1388 1904 1411 eorum

1164 1433 1292 1467 cuilibet
1317 1432 1427 1477 quavis
1454 1431 1544 1465 aliter
1573 1431 1731 1465 iudicandi
1756 1436 1786 1465 et
1808 1431 1904 1465 inter-

1164 1486 1327 1531 praetandi
1347 1486 1492 1519 facultate
1517 1490 1547 1519 et
1571 1485 1766 1525 auctoritate,
1790 1484 1905 1518 iudica-

1165 1541 1192 1574 ri
1218 1546 1247 1574 et
1272 1539 1397 1574 definiri
1414 1539 1539 1580 debere,
1556 1549 1592 1572 ac
1611 1539 1737 1572 irritum
1755 1543 1785 1572 ct
1801 1538 1903 1582 inane,

1166 1595 1190 1627 si
1215 1605 1305 1627 secus
1325 1604 1420 1638 super
1436 1593 1485 1626 his
1504 1604 1521 1626 a
1537 1603 1705 1637 quoquam,
1726 1593 1834 1637 quavis
1853 1603 1906 1626 au-

1167 1648 1320 1688 ctoritate,
1338 1646 1472 1680 scienter
1490 1647 1536 1680 vel
1555 1647 1748 1690 ignoranter,
1765 1645 1903 1689 contige-

1167 1702 1207 1735 rit
1231 1700 1386 1734 attentari.

1211 1756 1226 1799 g
1243 1755 1272 1788 9.
1291 1756 1358 1789 Non
1375 1752 1572 1788 obstantibus
1584 1752 1776 1798 praemissis,
1790 1762 1826 1786 ac
1842 1763 1908 1786 om-

1167 1809 1259 1842 nibus
1279 1808 1349 1851 illis,
1369 1818 1448 1852 quae
1471 1808 1503 1840 in
1527 1807 1660 1850 singulis
1683 1806 1797 1840 litteris
1814 1817 1905 1851 prae-

1167 1862 1237 1895 fatis
1270 1861 1427 1895 voluimus
1459 1870 1522 1894 non
1553 1860 1678 1895 obstare
1691 1887 1700 1901 ,
1731 1860 1907 1905 ceterisque

1168 1915 1334 1950 contrariis
1359 1915 1619 1959 quibuscumque.

2242 719 2248 769 l

1929 803 2042 830 finitaque
2051 810 2098 824 exa·
2244 795 2248 803 ¹

1913 831 1983 851 ctione
1991 831 2098 851 huiusmo-
2244 830 2248 839 ¹

1914 886 1956 904 tum
1972 889 2017 905 esse
2029 883 2098 904 decta·
2243 887 2248 910 t

1914 912 1954 931 rat.

1944 1177 2063 1200 clausulae.

1213 1970 1227 2013 g
1242 1969 1288 2002 10.
1303 1969 1454 2003 Volumus
1470 1974 1584 2009 autem,
1599 1968 1682 2013 quod
1694 1968 1907 2012 praesentium
1960 1979 2107 2005 rransumpus

1169 2022 1383 2066 transumptis,
1394 2022 1486 2055 etiam
1499 2022 1673 2066 impressis,
1686 2031 1781 2055 manu
1793 2026 1906 2055 notarii

1168 2076 1285 2120 publici
1311 2076 1505 2119 subscriptis,
1523 2080 1553 2108 et
1572 2075 1675 2118 sigillo
1699 2085 1852 2119 personae
1877 2075 1908 2108 in

1169 2130 1319 2174 dignitate
1349 2129 1560 2163 ecclesiastiea
1590 2129 1776 2164 constitutae
1807 2131 1909 2163 muni-

1172 2190 1228 2227 tae,
1243 2185 1350 2218 eadem
1375 2195 1507 2229 prorsus
1523 2183 1601 2217 fides
1626 2184 1656 2217 in
1681 2184 1797 2218 iudicio
1815 2189 1844 2217 ct
1861 2195 1909 2218 ex-

1171 2244 1217 2272 tra
1246 2239 1451 2281 adhibeatur,
1479 2249 1558 2282 quae
1590 2238 1665 2282 ipsis
1692 2239 1910 2283 praesentibus

1170 2292 1394 2335 adhiberetur,
1420 2292 1444 2325 si
1478 2292 1579 2325 forent
1609 2292 1763 2326 exhibitae
1787 2293 1835 2326 vel
1859 2303 1907 2326 os·

1172 2352 1285 2380 tensae.

1215 2401 1324 2433 Datum
1339 2401 1466 2441 Romae,
1476 2400 1560 2444 apud
1578 2400 1606 2433 S.
1623 2401 1760 2443 Petrum,
1778 2399 1836 2433 sub
1855 2409 1910 2433 an-

1172 2455 1245 2488 nulo
1266 2454 1453 2495 piscatoris,
1485 2454 1535 2487 dic
1560 2465 1578 2487 v
1605 2454 1709 2487 martii
1733 2464 1909 2497 iuncxxxnl,

1172 2508 1370 2552 pontificatus
1393 2508 1492 2542 nostri
1517 2518 1599 2541 anno
1619 2519 1648 2542 x.

1209 2570 1264 2597 Dat.
1283 2570 1326 2598 die
1341 2572 1356 2599 5
1373 2571 1463 2597 martii
1481 2570 1562 2605 1633,
1583 2569 1678 2605 pontis.
1696 2578 1767 2597 auno
1783 2577 1809 2596 x.

1888 2022 1905 2027 ..
1922 2006 1992 2026 danda
2009 2006 2067 2026 fides.
