2221 3224
205 210 254 238 An.
270 209 299 236 C.
320 209 389 238 1628
434 200 477 234 '10

235 486 356 510 Concessio,
366 485 391 507 de

209 519 251 541 qne
265 513 286 534 in
301 513 392 534 rubrica.

276 2188 407 2210 Obuautium

226 2217 342 2242 derogatio.

262 2348 325 2368 rides
340 2348 409 2368 danda

227 2375 370 2401 transumptis.

403 258 477 291 stris
501 257 637 300 desuper
654 256 685 288 in
702 254 796 287 simili
814 253 915 286 forma
933 251 1038 284 Brevis
1055 260 1144 294 expe-

405 310 612 349 ditislitteris,
629 318 761 352 quarum
781 312 904 339 tonores
924 302 1143 347 praesentibus

405 375 464 408 pro
478 363 633 407 expressis
646 360 755 394 haberi
770 359 921 398 volumus,
935 356 1057 401 plenius
1070 366 1144 390 con-

406 415 548 450 tinetur¹.

452 470 507 513 §2
523 469 598 502 Cum
612 471 726 507 autem,
744 466 823 498 sicut
842 464 969 497 nomine
987 463 1094 507 populi
1116 466 1146 496 et

409 523 483 555 cleri
498 519 663 554 Abulensis
677 518 839 555 dioecesis,
853 517 934 550 beati
950 516 1032 549 Petri
1047 515 1146 559 Bapti-

408 581 482 614 stae,
500 580 530 606 et
554 573 740 611 Mexicanae,
765 570 883 614 patriae
904 569 985 602 beati
1008 569 1145 612 Philippi
1163 588 1165 597 >

409 628 446 661 de
463 629 541 667 Iesu,
559 638 595 659 ex
616 626 706 658 dictis
726 623 938 667 vigintitribus
960 622 1147 666 Martyribus

409 680 560 725 praedicti
584 679 708 713 Ordinis
727 679 992 711 Discalceatorum
1020 676 1147 720 provin-

410 735 475 768 ciae
495 734 523 767 S.
542 732 668 775 Georgii
686 731 933 775 I’bilippinarum
958 729 1147 770 huiusmodi,

410 788 498 821 uobis
518 797 617 829 nuper
642 785 818 828 expositum
844 784 910 824 suit,
932 783 1012 827 ipsi,
1028 793 1087 826 pro
1112 793 1148 816 eo

410 851 503 885 quem
528 850 603 882 erga
627 839 753 871 eosdem
778 838 928 881 Martyres
952 840 1074 879 gerunt,
1100 836 1150 869 de-

410 894 543 927 votionis
568 893 690 933 affeetu,
709 892 881 935 plurimum
906 891 1034 934 cupiant
1058 890 1149 923 licen-

412 949 485 981 tiam
511 953 541 981 et
565 948 740 980 facultatem
765 945 941 989 praedictas
960 955 1019 989 per
1037 955 1094 978 nos
1115 947 1168 977 ut*

411 1002 491 1035 infra
508 1001 648 1034 extendi:
663 1010 729 1040 nos,
746 999 805 1043 piis
819 1009 930 1032 eorum
948 998 1026 1031 votis
1040 997 1149 1030 huius-

412 1056 494 1089 modi
514 1065 661 1091 annuere,
679 1054 811 1096 illosque
831 1052 1017 1096 specialibus
1041 1051 1151 1085 favori-

412 1110 470 1143 bus
487 1114 516 1141 et
533 1108 640 1151 gratiis
658 1107 807 1151 prosequi
824 1106 973 1146 volentes,
994 1110 1024 1138 et
1039 1116 1149 1138 eorum

413 1162 586 1205 singulares
617 1171 768 1204 personas
792 1170 809 1192 a
833 1159 994 1203 quibusvis
1019 1169 1147 1192 excom·
1167 1159 1169 1166 '

413 1214 652 1253 rnunicationis⁷
677 1213 889 1257 suspensionis
918 1218 948 1245 et
972 1212 1150 1253 interdicti,

413 1269 543 1312 aliisque
568 1267 784 1301 ecclesiasticis
810 1267 984 1308 sententiis,
1010 1266 1169 1304 censuris,

413 1326 442 1356 et
467 1321 586 1365 poenis,
606 1332 623 1353 a
647 1321 714 1353 iure
739 1321 786 1353 vel
810 1321 849 1352 ab
874 1320 1018 1360 homine,
1043 1319 1170 1363 quavist

413 1375 576 1409 occasione
601 1375 647 1406 rel
673 1375 766 1406 rausa
790 1373 869 1414 latis⁷
891 1373 916 1406 si
939 1373 1054 1417 quibus
1079 1383 1153 1417 quo-

414 1428 585 1462 modolibet
605 1428 769 1461 innodatae
787 1427 933 1467 existunt,
950 1426 989 1459 ad
1006 1426 1152 1460 effectum

413 1482 622 1526 praesentium
638 1482 798 1514 dtu‘utaxat
815 1480 1079 1524 consequendum,
1097 1480 1152 1512 ha·
1169 1471 1171 1487 ¹

414 1546 486 1570 rum
511 1536 591 1568 serie
616 1536 831 1576 absolventes,
858 1538 888 1568 ct
919 1534 1054 1567 absoltas
1087 1534 1153 1567 fore

416 1595 593 1629 censentes,
625 1588 904 1632 supplicationibus
940 1588 1065 1621 illorum
1096 1598 1172 1621 now

415 1643 463 1676 bis
491 1654 585 1686 super
610 1643 669 1675 hoe
699 1642 859 1674 humiliter
885 1641 1040 1685 porrectis
1064 1641 1154 1674 incli-

415 1697 488 1736 nati,
510 1696 548 1729 de
567 1696 749 1729 eorumdem
775 1695 981 1728 cardinalium
1006 1694 1173 1735 consilio,¹

416 1750 573 1783 licentiam
605 1755 635 1782 et
664 1750 842 1782 facultatem
867 1748 1004 1781 officium
1031 1753 1061 1781 et
1085 1748 1157 1781 mis-

419 1814 482 1837 sam
501 1804 539 1837 de
559 1804 648 1836 dietis
674 1804 870 1847 Martyribus,
890 1807 924 1837 ut
949 1813 1059 1846 supra,
1083 1803 1158 1836 reci-

418 1857 502 1890 tandi
520 1862 548 1889 et
565 1857 752 1896 celebrandi,
768 1868 822 1899 per
836 1867 902 1897 nos,
921 1862 953 1889 ut
970 1856 1156 1899 praefertur,

420 1921 594 1950 concessas,
614 1910 651 1942 ad
672 1910 746 1942 alias
772 1910 997 1942 ecclesiasticas
1021 1915 1051 1942 et
1075 1911 1176 1943 secu-t

420 1965 502 1996 lares
525 1974 674 2007 personas
706 1964 859 1996 dictarum
890 1964 1050 1996 civitatum
1076 1963 1177 1997 Abu-v

421 2017 514 2051 lensis
539 2023 569 2050 et
591 2018 765 2050 lilexieanae.
790 2017 870 2051 dieta
904 2018 1089 2050 auctoritate
1113 2022 1158 2050 te-

421 2082 498 2105 nore
514 2072 723 2115 praesentium
749 2077 901 2115 perpetuo
918 2072 1113 2105 extendimus
1131 2077 1160 2105 et
1177 2091 1178 2101 1

422 2125 618 2169 ampliamus.

468 2179 482 2222 ξ
498 2178 527 2211 3.
543 2179 610 2210 Non
624 2178 818 2210 obstantibus
835 2178 980 2211 omnibus
998 2178 1068 2219 illis,
1082 2188 1160 2222 quac

424 2232 455 2265 in
480 2232 569 2264 dictis
594 2231 707 2263 litteris
739 2232 893 2264 voluimus
927 2242 988 2265 non
1013 2232 1160 2273 obstare,

1165 886 1168 905 t

424 2286 599 2328 ceterisque
620 2291 709 2317 conti
712 2285 784 2317 {uiis
803 2285 932 2328 quibust:
937 2296 1060 2328 umque.

469 2339 483 2382 ξ
502 2338 531 2371 4.
555 2338 704 2370 Volumus
722 2342 790 2371 aut:
795 2339 931 2380 1n7quod
949 2350 994 2382 pr
989 2329 1180 2373 aesentium

425 2392 640 2435 tiansumptis,
655 2391 747 2424 etiam
766 2391 865 2433 imprt
870 2391 936 2432 ssis
955 2402 1049 2424 manu
1070 2393 1180 2425 alicu

426 2444 473 2478 ius
496 2445 610 2477 notarii
634 2444 750 2488 publici
780 2444 981 2486 subsetiptis
1007 2450 1072 2477 et
1060 2429 1201 2504 sigillo}

425 2509 577 2544 personae
596 2499 625 2530 in
646 2498 794 2537 dionitate
820 2498 1029 2530 ecclesiastici
1053 2499 1163 2532 consti-

427 2555 510 2583 tutae
527 2549 663 2589 munitis,
681 2549 789 2582 eadem
808 2559 937 2592 plotsus
954 2549 1029 2582 sides
1048 2550 1162 2594 ubique

465 2613 475 2638 1
494 2612 564 2644 Quas
580 2612 639 2639 vide
655 2612 698 2639 cit.
715 2612 741 2638 in
758 2614 819 2639 nota
834 2611 866 2639 ad
882 2612 1068 2648 1111111011111(11.
1086 2613 1134 2647 1.).

985 201 1164 228 BULLARIUM
1188 199 1342 225 norvtANUM

1176 248 1373 288 adhibeatur,
1398 256 1478 291 quae
1495 246 1571 291 ipsis
1591 245 1809 290 praesentibus
1831 244 1917 278 adhi-

1176 302 1316 341 beretur,
1334 300 1359 332 si
1383 300 1486 333 forent
1509 299 1665 333 exhibitae
1688 299 1739 332 vel
1763 304 1914 333 ostensae.

1221 355 1332 387 Datum
1357 352 1475 386 Romae
1499 352 1584 397 apud
1611 352 1640 386 S.
1670 352 1797 386 Mariam
1821 352 1917 385 Maio-

1178 418 1255 449 rem,
1276 406 1334 440 sub
1350 406 1464 439 annulo
1482 405 1660 447 piscatoris,
1674 405 1724 439 die
1737 415 1770 438 XI
1786 399 1917 449 septem-

1178 461 1244 494 bris
1257 469 1432 499 Mncxxvul,
1444 459 1644 502 pontificatus
1660 459 1759 492 nostri
1777 469 1858 492 anno
1875 468 1917 491 vt.

1215 521 1272 549 Dat.
1294 521 1336 548 die
1353 522 1381 548 11
1400 520 1561 555 septembris
1581 520 1660 554 1628,
1680 520 1775 556 pontif.
1795 528 1866 549 anno
1881 526 1917 547 vt.

1491 661 1604 696 ccciv.
1906 652 1919 665 ’

1181 744 1347 779 Revocatio
1372 742 1576 777 indultorum
1604 753 1641 775 ac
1668 743 1921 789 privileqiorum

1226 797 1382 838 omnium,
1406 797 1506 830 etiam
1527 806 1586 840 per
1604 795 1733 829 modum
1753 798 1923 830 communi-

1227 851 1363 885 cationis
1388 860 1606 884 concessorum
1630 849 1788 889 militiis,
1815 850 1923 894 hospi-

1229 906 1360 947 talibus,
1388 905 1544 948 colleyiis,
1573 904 1740 948 capitum,
1758 903 1924 947 reliqioni-

1228 960 1296 1000 bus,
1323 959 1547 1000 societatibus,
1575 958 1879 1002 conqreqationibus
1895 962 1925 990 et

1229 1012 1406 1047 Ordinibus
1445 1012 1638 1056 quibusvis,
1673 1012 1771 1044 etiam
1806 1011 1926 1045 Mendi—

1228 1068 1392 1107 cantium,
1420 1066 1594 1110 ceterisque
1619 1064 1696 1098 locis
1717 1065 1795 1108 piis,
1823 1069 1853 1099 et
1877 1077 1925 1100 eo-

1228 1129 1303 1152 rum.
1335 1119 1400 1152 sive
1424 1129 1538 1152 earum
1562 1118 1733 1162 respective
1755 1119 1921 1162 personis,

1228 1171 1388 1206 audiendi
1408 1172 1608 1205 secularium
1636 1172 1845 1215 confessiones
1862 1172 1927 1206 abs-

1228 1237 1290 1270 que
1315 1225 1486 1259 Oidmariz·
1521 1226 1672 1286 examine
1703 1230 1732 1259 ct
1762 1225 1922 1270 approba-

1232 1277 1347 1313 tione&

1394 1358 1530 1386 Urbanus
1551 1359 1629 1393 Papa
1648 1359 1727 1393 VIII,

1310 1405 1346 1431 ad
1365 1407 1542 1438 perpetuam
1560 1404 1605 1431 rei
1625 1403 1807 1432 memoriam.

1230 1474 1316 1515 Cum,
1330 1475 1411 1508 sicut
1427 1475 1615 1519 accepimus,
1630 1474 1786 1519 aliquibus
1806 1475 1929 1520 religio-

1187 1528 1228 1561 sis
1259 1528 1469 1572 quorumdam
1493 1528 1645 1562 Ordinum
1677 1539 1732 1562 seu
1755 1528 1929 1573 Congrega-

1187 1581 1314 1619 tionum
1328 1592 1345 1614 a
1362 1581 1440 1614 Sede
1453 1581 1633 1626 Apostolica
1650 1581 1805 1615 indultum
1824 1582 1928 1624 suerit,

1187 1640 1221 1668 ut
1245 1635 1486 1670 sacramentales
1511 1645 1719 1679 personarum
1739 1636 1928 1671 secularium

1189 1688 1401 1722 confessiones
1432 1688 1541 1721 audire
1574 1689 1717 1730 valeant,
1745 1689 1867 1723 etiamsi
1891 1691 1929 1723 ab

1190 1742 1348 1791 episcopis
1370 1741 1563 1775 dioecesanis
1592 1742 1630 1775 ad
1654 1742 1685 1775 id
1709 1743 1876 1776 examinati
1901 1749 1931 1778 et

1190 1795 1355 1840 approbati
1380 1806 1443 1829 non
1461 1796 1593 1836 suerint,
1610 1806 1668 1829 nec
1687 1796 1797 1839 desint,
1815 1797 1870 1841 qui
1886 1802 1930 1831 te-

1174 1860 1278 1886 tmere
1303 1855 1491 1891 asseverent,
1519 1850 1579 1884 hoc
1604 1850 1706 1895 ipsum
1731 1851 1931 1895 privilegium

1229 1939 1240 1965 1
1265 1938 1410 1974 Privilegia
1430 1939 1519 1966 omnia
1538 1947 1619 1974 super
1634 1939 1788 1967 huiusmodi
1806 1939 1933 1968 facultate

1175 1988 1323 2011 'concessa
1342 1988 1517 2012 revocaverat
1537 1983 1636 2012 Concil.
1661 1984 1746 2019 Trid.‚
1768 1993 1833 2012 sess.
1855 1991 1932 2020 xxm,

1176 2037 1252 2064 ·cap.
1274 2036 1318 2062 w,
1340 2033 1366 2057 et
1386 2029 1418 2056 ad
1438 2029 1601 2056 secularium
1621 2028 1802 2056 confessiones
1821 2030 1934 2057 audien-

1194 2073 1241 2101 das
1260 2074 1294 2101 ab
1310 2075 1443 2110 episcopis
1459 2074 1518 2101 illos
1533 2078 1636 2101 tantum
1651 2073 1754 2101 admitti
1770 2075 1872 2110 statuit,
1889 2075 1934 2111 qui

1194 2118 1235 2145 vel
1255 2119 1409 2154 parochiale
1425 2119 1587 2146 heneficium
1604 2118 1736 2154 obtinent,
1755 2119 1794 2147 vel
1811 2128 1859 2155 per
1873 2128 1935 2148 exa-

1194 2172 1257 2191 men
1273 2168 1320 2191 aut
1334 2164 1399 2191 alias
1414 2163 1503 2191 idonei
1519 2163 1630 2191 iudicati
1644 2164 1754 2191 suerint.
1772 2164 1837 2191 Vide
1853 2166 1935 2192 etiam

1178 2215 1179 2229 1
1195 2208 1284 2235 Const.
1297 2215 1414 2235 cnxxxm
1427 2209 1463 2236 Pii
1476 2209 1505 2242 V,
1519 2209 1690 2244 Ronzanitin
1701 2209 1728 2236 h.
1742 2217 1770 2236 n.
1784 2209 1847 2237 edit.
1859 2216 1934 2245 cem,

1196 2257 1260 2280 tom
1282 2259 1337 2286 1111,
1362 2262 1423 2289 pag.
1445 2253 1518 2288 938),
1543 2262 1590 2290 pei
1614 2262 1696 2289 quam
1721 2253 1778 2289 ipse
1804 2254 1865 2282 Pius
1884 2255 1936 2283 hoc

1178 2298 1265 2325 idem
1285 2299 1426 2333 prohibuit
1448 2298 1618 2334 1egularibus
1641 2299 1837 2335 cuiuscumque
1857 2299 1936 2327 Ordi-

1195 2343 1248 2376 nis,
1265 2343 1344 2370 etiam
1360 2343 1516 2377 lectoribus,
1533 2347 1580 2371 aut
1594 2343 1621 2370 in
1638 2343 1772 2379 theologia
1787 2344 1934 2379 graduatis.

1178 2383 1258 2415 Eius
1274 2391 1363 2415 autem
1384 2388 1606 2416 Constitutionem
1625 2389 1733 2416 reduxit
1751 2389 1785 2416 ad
1806 2389 1936 2417 terminos

1195 2432 1260 2459 iuris
1276 2433 1425 2460 communis
1445 2437 1471 2460 et
1491 2433 1600 2460 Concilii
1614 2433 1765 2461 Tridentini
1780 2434 1861 2469 Greg
1878 2432 1936 2460 xlii

1195 2476 1222 2503 iu
1243 2476 1334 2504 Const.
1356 2485 1399 2512 xx,
1421 2478 1456 2504 In
1477 2481 1735 2512 tanca,tom.v1n‚
1755 2486 1816 2513 pag.
1838 2477 1880 2505 39.
1905 2477 1938 2505 Et

1179 2521 1227 2548 ad
1245 2521 1313 2549 bane
1329 2522 1466 2549 materiam
1483 2522 1592 2550 attende
1608 2523 1690 2550 etiam
1706 2521 1852 2550 Clementis
1866 2521 1936 2555 vill,

1196 2566 1284 2592 Const.
1301 2572 1376 2598 eceb,
1393 2567 1623 2603 Quaecumque,
1620 2569 1654 2595 in
1670 2567 1696 2594 h.
1708 2575 1735 2595 n
1748 2567 1811 2594 edit.
1823 2571 1936 2601 cechu,

1196 2612 1319 2645 tom.x1,
1340 2619 1400 2647 pag.
1424 2611 1495 2646 138)

1929 197 2026 225 Anac.
2047 196 2113 225 ¹628

1970 1489 2052 1518 Causae
2067 1487 2127 1518 istius

1944 1517 2093 1539 revocationis.
