2248 3229
171 186 219 215 An.
241 187 268 214 c.
288 187 355 216 1630
402 177 465 213 -186

368 235 415 269 bis
431 246 468 269 ex
487 237 549 271 alto
567 237 759 279 conceditur,
774 237 941 281 providere
959 237 1109 278 volentes,

367 294 454 323 motu
479 290 611 334 proprio
631 295 661 323 et
677 300 713 323 ex
731 291 816 323 certa
841 290 970 323 scientia
987 300 1022 322 ac
1042 300 1107 323 ma-

368 345 438 377 tura
463 343 687 377 deliberatione
711 342 837 384 nostris,
863 342 964 386 deque
987 348 1108 387 aposto-

367 397 445 430 licae
473 397 634 440 potestatis
664 396 856 439 plenitudine
870 423 877 436 ,
905 396 1106 430 concordiam

367 450 432 484 sive
458 449 698 483 transactionem
723 449 914 489 huiusmodi,
939 450 1107 493 omniaque

367 508 396 536 et
413 503 534 545 singula
552 502 686 546 capitula
702 503 898 546 praeinserta
915 502 1106 545 huiusmodi⁷

367 566 437 588 cum
464 555 611 588 omnibus
631 559 661 588 et
685 555 816 598 singulis
835 555 867 588 in
885 556 929 588 eis
943 556 1106 597 contentis,

367 614 475 642 tenore
499 608 711 652 praesentium
725 613 879 651 perpetuo
893 608 1106 652 approbamus

366 667 395 694 ct
409 661 644 702 confirmamus,
662 661 785 705 illisque
803 661 948 694 omnibus
961 667 991 695 et
1005 662 1107 705 singu-

366 715 401 748 lis
414 719 584 758 perpetuae
598 719 627 747 et
644 714 832 747 inviolabilis
849 715 1038 758 apostolicae
1055 715 1106 748 fir-

367 768 484 801 mitatis
502 767 565 800 vim
582 772 613 800 et
631 767 730 800 robur
750 767 925 809 adiicimus,
943 779 979 802 ac
995 779 1106 802 omnes

366 828 394 855 et
413 821 564 864 singulos,
582 831 645 855 non
662 821 757 855 modo
775 831 947 855 consensus
964 823 1105 856 omnium

365 880 395 908 et
420 875 617 918 singulorum
636 875 667 907 in
683 875 865 919 praemissis
885 875 1037 909 interesse
1054 876 1106 909 ha-

365 928 507 961 bentium
532 938 586 961 seu
611 928 728 961 habere
749 929 1034 972 praetendentium,
1052 929 1106 963 sed

352 981 600 1017 ,solemnitatum
625 981 719 1015 etiam
750 982 1000 1022 substantialium
1014 1010 1022 1024 ,
1040 989 1070 1016 et
1089 994 1106 1016 a

209 1903 295 1932 Mandat
315 1903 350 1923 ub·

167 1935 248 1950 serrari
265 1935 351 1950 concor-

167 1956 229 1976 (liam.

365 1034 526 1078 quibusvis
556 1035 700 1075 statutis,
731 1035 853 1078 legibus
878 1040 908 1068 et
932 1040 1106 1069 consuetu-

365 1088 513 1129 dinibus,
545 1094 598 1121 aut
629 1089 705 1122 alias
741 1089 978 1133 quomodolibet
1009 1095 1038 1122 et
1069 1100 1105 1123 ex

365 1153 563 1187 quacumque
589 1144 682 1176 causa
700 1143 934 1186 requisitarum,
953 1149 983 1176 et
999 1144 1106 1177 forsan

365 1196 566 1237 emissarum,
580 1206 702 1229 necnon
716 1206 931 1239 quoscumque
945 1196 1031 1238 alios⁷
1042 1201 1105 1228 tam

366 1249 443 1282 iuris
468 1259 562 1293 quam
587 1249 669 1291 sacti,
691 1254 721 1281 et
744 1248 901 1292 quoslibet
924 1249 1001 1281 alios
1026 1248 1107 1282 dese-

364 1306 447 1343 ctus,
475 1302 628 1346 cogitatos
660 1303 707 1335 vel
741 1302 933 1345 excogitatos
948 1301 966 1344 ',
996 1302 1021 1335 si
1052 1303 1105 1346 qui

365 1356 582 1400 principaliter
603 1356 650 1389 vel
669 1356 843 1389 accessorie
865 1362 917 1389 aut
933 1356 1008 1389 alias
1028 1367 1105 1400 quo-

365 1410 538 1443 modolibet
554 1409 779 1442 intervenerint
797 1409 828 1442 in
842 1409 970 1450 eisdem,
984 1409 1106 1443 etiamsi

365 1463 403 1496 de
423 1463 493 1504 illis,
518 1463 555 1495 ad
580 1463 641 1496 hoc
658 1468 692 1495 ut
712 1463 853 1507 suppleri
872 1467 901 1495 et
918 1463 1021 1496 sanari
1038 1473 1107 1506 pos-

366 1516 436 1557 sint,
451 1516 603 1560 specialis,
618 1516 764 1560 specifica
782 1521 811 1548 et
824 1525 973 1560 expressa
988 1515 1106 1549 mentio

367 1569 509 1603 habenda
533 1575 614 1602 esset
639 1570 746 1612 (quam
771 1574 877 1602 tamen
908 1579 967 1612 pro
998 1569 1106 1602 habita

366 1628 396 1655 et
421 1623 501 1656 sacta
520 1623 630 1655 haberi
650 1622 819 1666 volumus),
835 1622 1018 1666 plenissime
1037 1633 1107 1666 sup-

365 1677 498 1721 plemus,
517 1676 707 1719 eosdemque
728 1685 837 1709 omnes
855 1680 884 1708 et
901 1675 1041 1718 singulos
1058 1676 1107 1708 de—

367 1731 465 1764 sectus
498 1741 515 1762 a
550 1730 719 1764 concordia
756 1740 810 1762 seu
843 1730 1052 1762 transactione
1078 1735 1107 1763 et

366 1784 570 1828 praeinsertis
593 1783 737 1827 capitulis
756 1782 937 1816 huiusmodi
962 1793 998 1816 ex
1023 1792 1107 1817 nunc

366 1838 515 1879 tollimus,
536 1837 726 1880 abrogamus
750 1841 779 1869 et
804 1846 995 1869 amovemus.

411 1891 426 1933 ἓ
451 1890 479 1923 5.
505 1890 631 1923 ‘Necnon
657 1888 874 1930 concordiam,
902 1899 957 1922 seu
980 1895 1103 1922 transa-

367 1944 524 1984 ctionem,
548 1954 583 1976 ac
615 1943 751 1988 capitula
783 1943 976 1988 praeinserta
1000 1944 1107 1977 huius-

367 1998 467 2038 modi,
485 1998 653 2041 omniaque
671 2002 701 2030 et
718 1998 839 2041 singula
853 1997 884 2030 in
902 1997 962 2031 illis
979 2008 1108 2041 quomo-

366 2051 484 2084 dolibet
504 2056 658 2091 contenta,
679 2051 716 2083 ab
732 2048 887 2084 'omnibus
912 2056 941 2084 et
965 2052 1106 2095 singulis,

366 2105 404 2137 ad
419 2115 498 2149 quos
517 2115 600 2138 nunc
621 2104 857 2148 quomodolibet
870 2109 987 2149 spectat
1001 2111 1029 2138 et
1046 2116 1106 2150 pro

364 2164 507 2203 tempore
521 2159 682 2203 spectabit,
696 2158 919 2192 inviolabiliter
932 2159 1104 2203 observari,

365 2223 462 2257 eaque
487 2212 593 2246 onmia
616 2218 645 2245 et
669 2212 791 2255 singula
812 2223 903 2245 suum
928 2213 1105 2257 plenarium

364 2266 525 2313 effectum,
550 2267 791 2311 exequutionem
818 2271 848 2299 et
872 2267 1104 2301 observantiam

364 2321 470 2354 sortiri
495 2320 611 2354 debere
636 2321 780 2354 volumus
805 2324 835 2355 et
859 2321 1053 2362 mandamus,
1074 2322 1105 2354 in

365 2374 512 2408 omnibus
529 2380 559 2407 et
578 2385 634 2419 per
651 2374 774 2415 omnia,
791 2375 921 2419 perinde
938 2385 973 2408 ac
991 2375 1015 2408 si
1033 2386 1105 2409 cum

365 2428 511 2461 omnibus
547 2434 577 2461 et
609 2428 739 2472 singulis
775 2429 1044 2471 solemnitatibus,
1071 2440 1106 2463 ac

366 2481 434 2514 aliis
458 2482 550 2514 etiam
575 2481 842 2523 substantialibus,
860 2482 897 2515 de
918 2482 996 2524 iure,
1014 2482 1106 2527 privi-

367 2534 460 2577 legio,
485 2535 577 2567 etiam
601 2535 785 2579 apostolico,
810 2536 903 2569 etiam
922 2536 1105 2580 incorpore

406 2598 416 2623 1
434 2597 526 2625 Potius
541 2598 600 2633 lege
615 2599 824 2634 'inea-cogitatos
839 2599 875 2633 (a.
889 2600 935 2633 T.>.

945 190 1124 214 BULLARIUM
1149 190 1302 214 ROMANUM

1890 193 1940 221 An.
1964 193 1993 222 C.
2011 193 2079 222 1630

1143 237 1220 270 iuris
1243 237 1360 279 clauso,
1380 240 1459 283 stylo
1483 244 1513 272 et
1537 240 1770 282 consuetudine,
1787 241 1879 275 etiam

1142 287 1407 331 immemorabili,
1440 292 1487 324 vel
1520 291 1595 325 alias
1623 293 1879 336 quomodolibet,

1142 354 1179 377 ex
1207 344 1465 377 constitutionum
1490 345 1731 388 apostolicarum
1753 348 1801 381 vel
1818 353 1879 381 sta·

1142 402 1280 430 tutorum
1299 397 1392 430 etiam
1417 397 1620 439 iuratorum¹‚
1637 404 1689 431 aut
1714 399 1789 433 alias
1806 411 1880 445 quo-

1141 450 1338 484 modolibet²
1362 451 1544 495 requisitis,
1568 462 1604 485 ac
1627 452 1696 485 aliis
1720 454 1880 487 servandis

1140 504 1232 548 plene
1252 504 1392 545 servatis
1409 505 1488 539 sacta
1508 510 1538 539 et
1561 512 1658 549 gesta,
1683 512 1834 541 conventa
1850 513 1877 542 et

1141 558 1297 591 celebrata
1320 558 1431 592 forent.

1185 612 1199 654 g
1220 611 1248 644 6.
1273 611 1480 645 Decernentes
1498 613 1708 657 concordiam,
1726 624 1782 649 seu
1798 620 1878 649 tran·
1905 627 2031 656 ,neemum
2050 629 2078 650 ir-

1141 665 1320 707 sactionem,
1347 676 1382 698 ac
1406 666 1599 709 praeinserta
1623 668 1769 712 capitula,
1790 679 1878 713 prae·
1893 656 1965 675 ‘¹¹³OE

1140 723 1305 762 sentesque
1323 718 1451 761 litteras,
1469 723 1499 752 et
1515 719 1546 752 in
1563 719 1606 753 eis
1623 727 1767 755 contenta
1783 733 1876 767 quae-

1140 783 1287 815 cumque,
1316 772 1410 804 etiam
1438 782 1474 805 ex
1504 783 1541 806 eo
1575 774 1658 817 quod
1683 775 1876 821 quicumque

1140 825 1170 857 in
1195 825 1377 868 praemissis
1401 824 1551 859 interesse
1575 826 1735 869 habentes,
1752 834 1804 861 aut
1823 829 1876 862 ha-

1139 877 1213 911 bere
1230 877 1482 922 praetendentes,
1497 878 1541 911 eis
1556 879 1734 913 nullatenus
1751 891 1878 915 consen-

1140 930 1248 972 serint,
1268 941 1326 964 nec
1350 931 1389 964 ad
1413 942 1449 964 ea
1473 932 1581 975 vocati,
1607 933 1691 967 citati
1716 938 1746 967 et
1769 934 1878 976 auditi,

1140 983 1306 1028 minusque
1331 995 1460 1025 causae,
1483 991 1615 1029 propter
1649 997 1726 1030 quas
1751 987 1877 1021 eaedem

1140 1042 1320 1082 praesentes
1345 1039 1536 1080 emanarint,
1566 1040 1756 1073 sufficienter
1780 1041 1878 1075 addu-

1140 1096 1216 1134 ctae,
1242 1092 1429 1133 verificatae,
1454 1092 1501 1125 vel
1519 1093 1595 1126 alias
1612 1093 1797 1128 iustificatae
1813 1090 1892 1128 sue-v

1139 1145 1211 1185 rint,
1229 1146 1293 1178 ullo
1317 1156 1454 1189 unquam
1481 1152 1621 1190 tempore
1645 1147 1683 1180 de
1707 1148 1880 1192 subreptio-

1139 1198 1187 1231 nis
1213 1198 1260 1231 vel
1284 1198 1490 1243 obreptionis,
1517 1200 1667 1233 nullitatis
1695 1207 1748 1234 aut
1771 1201 1879 1235 invali-

1139 1251 1260 1294 ditatis,
1294 1262 1347 1285 seu
1383 1253 1562 1287 intentionis
1593 1259 1719 1288 nostrae
1744 1256 1792 1289 vel
1819 1255 1879 1289 alio

1139 1305 1250 1349 quovis
1274 1305 1407 1348 defectu,
1425 1307 1519 1340 etIam
1536 1308 1736 1351 quantumvis
1755 1319 1879 1353 magno,

1140 1358 1277 1404 maximo
1302 1365 1331 1392 et
1356 1360 1525 1403 incogitato
1539 1371 1546 1400 ;
1567 1361 1631 1394 sive
1656 1361 1749 1394 etiam
1774 1372 1811 1395 ex
1831 1373 1878 1405 eo,

1140 1412 1225 1456 quod
1250 1413 1281 1445 in
1306 1413 1423 1446 eisdem
1455 1415 1657 1458 praemissis,
1685 1426 1741 1449 seu
1769 1426 1880 1450 eorum

1140 1465 1258 1509 aliquo,
1283 1467 1496 1502 solemnitates
1521 1473 1551 1501 et
1575 1469 1702 1512 quaevis
1725 1469 1795 1511 alia,
1815 1481 1880 1504 ser-

1141 1519 1239 1552 vanda
1255 1525 1285 1553 et
1302 1520 1510 1565 adimplenda,
1528 1527 1649 1555 servata
1669 1528 1699 1556 et
1711 1523 1881 1568 adimpleta

1140 1582 1203 1605 non
1227 1573 1352 1614 suerint,
1378 1580 1429 1607 aut
1453 1586 1490 1607 ex
1515 1575 1627 1619 quovis
1651 1576 1723 1617 alio,
1749 1576 1842 1610 etiam
1863 1588 1880 1609 a

1140 1627 1207 1660 iure
1232 1628 1280 1660 vel
1304 1628 1395 1669 sacto,
1415 1634 1468 1661 aut
1492 1633 1615 1671 statuto,
1638 1640 1694 1663 seu
1717 1635 1880 1664 consuetu-

1140 1680 1212 1714 dine
1231 1681 1336 1725 aliqua
1359 1682 1540 1723 resultante,
1559 1693 1612 1716 seu
1630 1683 1724 1716 etiam
1742 1684 1880 1717 enormis

1141 1737 1170 1768 et
1193 1734 1430 1768 enormissimae
1462 1746 1497 1769 ac
1529 1736 1560 1768 in
1591 1741 1691 1769 totum
1716 1737 1879 1778 laesionis,

1140 1787 1204 1820 sive
1228 1787 1288 1821 alio
1313 1788 1430 1832 capite,
1456 1788 1547 1821 etiam
1582 1789 1613 1821 in
1644 1799 1778 1833 corpore
1802 1790 1880 1823 iuris

1141 1840 1246 1873 clauso
1261 1867 1268 1881 ,
1297 1846 1347 1873 aut
1384 1841 1549 1875 occasione
1574 1841 1622 1874 vel
1647 1844 1762 1883 causa,
1787 1843 1879 1876 etiam

1141 1894 1341 1937 quantumvis
1364 1893 1464 1935 iusta,
1489 1894 1668 1928 rationabili
1692 1899 1722 1929 et
1745 1896 1881 1939 privile-

1140 1946 1233 1989 giata,
1253 1947 1345 1980 ctiam
1362 1947 1415 1980 tali
1443 1957 1523 1992 quae
1548 1948 1586 1981 ad
1611 1948 1755 1981 effectum
1777 1949 1881 1982 validi-

1140 2000 1210 2033 tatis
1221 2001 1468 2045 praemissorum
1482 2001 1660 2035 necessario
1677 2002 1880 2046 exprimenda

1140 2055 1229 2097 soret,
1247 2058 1300 2088 aut
1316 2055 1399 2099 quod
1421 2055 1458 2088 de
1475 2056 1633 2089 voluntate
1650 2059 1756 2090 nostra
1776 2057 1881 2090 huius-

1140 2108 1225 2142 modi
1250 2108 1329 2141 nihil
1365 2108 1453 2141 ullibi
1487 2115 1674 2153 appareret,
1699 2120 1755 2143 seu
1789 2111 1880 2144 aliter

1140 2161 1269 2205 probari
1295 2167 1411 2206 posset,
1436 2163 1548 2203 notari,
1566 2162 1754 2207 impugnari,
1772 2163 1881 2197 invali-

1140 2214 1218 2255 dari,
1243 2215 1417 2255 retractari,
1432 2215 1463 2247 in
1484 2215 1531 2248 ius
1560 2216 1607 2248 vel
1633 2216 1879 2250 controversiam

1139 2269 1291 2309 revocari,
1307 2273 1359 2301 aut
1377 2268 1413 2301 ad
1428 2269 1578 2303 terminos
1596 2269 1673 2303 iuris
1696 2270 1816 2311 reduci,
1832 2271 1879 2304 vel

1140 2322 1290 2355 adversus
1316 2322 1383 2355 illas
1408 2323 1615 2356 restitutionis
1647 2323 1678 2356 in
1702 2323 1879 2368 integrum,

1139 2375 1322 2421 aperitionis
1348 2376 1428 2418 oris,
1454 2376 1645 2411 reductionis
1675 2377 1713 2410 ad
1744 2378 1826 2411 viam
1851 2382 1880 2413 ct

1139 2429 1290 2464 terminos
1307 2429 1395 2472 iuris,
1414 2434 1467 2462 aut
1491 2429 1575 2463 aliud
1595 2430 1815 2474 quodcumque
1832 2431 1880 2464 iu-

1139 2483 1192 2525 ris,
1210 2484 1292 2524 sacti,
1307 2484 1353 2516 vel
1372 2484 1490 2527 gratiae
1508 2485 1685 2517 remedium
1706 2485 1879 2529 impetrari,

1176 2557 1186 2581 1
1205 2554 1252 2582 llic
1267 2558 1331 2590 puto
1343 2556 1437 2582 deesse
1446 2555 1634 2591 praescripto,
1647 2559 1693 2583 aut
1703 2555 1790 2583 simile
1801 2555 1878 2591 (nst).

1173 2599 1189 2626 2
1205 2599 1293 2628 Verba
1308 2603 1358 2629 aut
1369 2601 1445 2630 alias
1456 2600 1664 2637 quomodolibet
1674 2600 1789 2629 delenda
1799 2601 1876 2636 (nst).

2240 2570 2248 3044 -·.—*—--x-=;mrtfi-—‘
2240 2546 2241 2551 Α
2240 2502 2241 2506 Α
