2248 3229
86 233 137 262 An.
153 233 183 262 C.
202 233 266 262 1631

283 292 354 315 mus
378 284 407 316 et
431 280 675 323 confirmamus,
702 282 810 325 illique
837 283 1025 316 inviolabilis

283 335 475 380 apostolieae
499 336 656 369 firmitatis
681 336 779 369 robur
796 337 971 377 adiicimus‚
990 348 1025 370 ac

284 399 394 422 omnes
423 394 453 422 ct
480 389 621 432 singulos
644 396 707 422 tam
733 390 810 423 iuris
834 401 928 434 quam
954 391 1024 423 sacti

284 442 433 485 defectus,
451 442 476 475 si
495 443 548 486 qui
565 443 702 486 desuper
725 443 963 486 quomodolibet
983 443 1027 475 in-

284 495 486 535 tervenerint,
511 496 702 539 supplemus.

328 548 396 591 §a
430 549 638 582 Decernentes
671 549 746 581 illud
778 559 901 583 necnon
935 559 1026 593 prae-

285 605 388 636 sentas
419 602 525 634 literas
556 602 678 643 valida,
703 602 795 635 firma
827 609 856 636 et
889 602 1026 636 efficacia

285 655 418 688 existere
435 659 464 689 et
484 656 560 697 fore,
583 666 618 688 ac
643 657 683 688 ab
709 657 866 697 omnibus,
884 657 923 689 ad
947 666 1027 699 quos

285 713 425 752 spectat,
461 708 683 742 inviolabiliter
713 710 895 749 observari3
920 710 1027 752 sicque

285 772 342 806 per
366 773 582 807 quoscumque
599 763 718 797 iudices
740 764 916 797 ordinarios
934 769 963 796 et
979 763 1028 796 dc-

285 816 415 858 legatos,
440 816 534 849 etiam
551 827 718 850 causarum
740 817 846 861 palatii
864 816 1027 860 apostolici

286 869 456 911 auditores,
481 870 613 903 iudicari
638 875 667 903 et
692 870 817 903 definiri
842 870 968 912 debere,
993 880 1028 902 ac

286 921 411 955 irritum
436 928 467 956 et
491 923 603 965 inane,
636 924 662 956 si
692 934 782 957 secus
812 930 908 967 super
939 923 987 955 his
1012 933 1028 955 a

286 986 456 1019 quoquam,
477 977 587 1020 quavis
611 977 806 1017 auctoritate,
828 977 963 1010 scienter
981 977 1028 1010 vel

288 1028 487 1071 ignoranter,
508 1029 676 1072 contigerit
700 1030 856 1063 attentari.
881 1030 949 1063 Non
973 1030 1029 1063 ob-

287 1083 440 1116 stantibus
472 1083 749 1117 constitutionibus
773 1087 803 1117 et
827 1083 1030 1117 ordinationi-

288 1136 347 1168 bus
360 1136 550 1179 apostolicis,
559 1147 596 1169 ac
609 1136 682 1170 dicti
697 1136 831 1179 Ordinis,
843 1137 937 1170 etiam
952 1137 1031 1170 iura-

289 1193 405 1230 mento,
417 1189 656 1223 confirmatione
668 1190 851 1233 apostolica,
862 1190 909 1223 vel
922 1190 1031 1234 quavis

288 1241 436 1274 firmitate
453 1242 513 1275 alia
531 1242 697 1285 roboratis„
717 1243 838 1277 statutis
855 1248 885 1276 ct
901 1254 1032 1276 consue-

290 1294 470 1336 tudinibus,
495 1296 672 1340 ceterisque
701 1297 869 1330 contrariis
893 1297 1028 1341 quibus-

291 1359 436 1392 cumque.

335 1402 350 1444 ἓ
374 1401 403 1434 4.
430 1402 582 1435 Volumus
605 1406 708 1437 autem
724 1429 731 1443 ‚
762 1408 796 1435 ut
820 1404 1031 1446 praesentium

292 1456 516 1500 transumptis,
538 1457 631 1489 etiam
657 1457 837 1500 impressis,
859 1467 953 1490 manu
978 1457 1034 1490 ali-

293 1509 382 1543 cuius
406 1510 520 1543 notarii
540 1510 657 1554 publici
677 1510 866 1554 subscriptis
884 1516 914 1543 et
929 1511 1033 1553 sigillo

292 1573 446 1606 personae
470 1563 501 1595 in
525 1563 676 1606 dignitate
695 1564 906 1596 ecclesiastica
923 1564 1034 1597 consti·

260 1660 264 1661 ⁷
292 1621 378 1648 tutae
401 1616 541 1656 munitis,
566 1615 675 1648 eadem
695 1627 829 1659 prorsus
851 1617 928 1650 fides
945 1617 976 1649 in
990 1617 1036 1649 iu-

278 1668 375 1709 dicio
389 1673 419 1701 et
432 1674 519 1702 extra
536 1669 732 1710 adhibeatur,
757 1680 837 1713 quae
856 1670 933 1714 ipsis
948 1681 1036 1714 prae-

293 1721 433 1754 sentibus
456 1721 669 1764 adhiberetur,
696 1723 720 1755 si
746 1723 849 1756 forent
876 1724 1034 1756 exhibitae

294 1775 343 1807 vel
367 1780 519 1808 ostensae.

340 1829 451 1861 Datum
478 1829 604 1871 Romae,
630 1830 712 1874 apud
737 1831 766 1863 S.
792 1831 921 1863 Mariam
946 1831 1037 1864 Maio-

296 1892 379 1924 rem,
402 1883 460 1915 sub
485 1884 600 1916 annulo
625 1884 802 1925 Piscatoris,
822 1885 871 1917 die
899 1895 942 1918 vn
964 1886 1037 1917 maii

296 1945 448 1975 iincxxxi,
473 1936 673 1979 pontificatus
698 1937 797 1970 nostri
821 1948 903 1970 anno
929 1948 992 1971 vni.

111 561 230 583 clausulae.

130 1412 275 1438 'transumptis

92 1440 151 1461 credi
168 1439 233 1460 iubet.

332 1998 390 2025 Dat.
407 1998 451 2025 die
467 1999 482 2025 7
499 1999 560 2025 maii
580 2000 655 2033 1631,
673 2000 767 2034 pontif.
787 2009 857 2027 anuo
874 2007 928 2027 Vttl.

588 2116 752 2149 CCCXCIX.

302 2185 466 2219 Concessio
490 2186 637 2218 ecclesiae
661 2187 692 2219 S.
722 2187 970 2219 Bonarenlicrae
1003 2186 1040 2218 (Ie

347 2238 428 2271 Urbe
448 2239 590 2271 Lucanis
610 2239 646 2271 in
666 2238 776 2271 eadem
799 2239 878 2272 l'rbe
903 2250 1039 2272 commo-

345 2291 492 2324 rantibus
506 2290 524 2324 ¹.

504 2364 638 2390 Urbanus
660 2364 738 2397 Papa
757 2365 835 2395 vt11,

426 2409 462 2435 ad
481 2412 656 2442 perpetuam
672 2409 715 2435 rei
734 2409 915 2436 memoriam.

130 2479 264 2500 Prooemium
346 2469 380 2502 ln
404 2470 650 2513 supereminenti
665 2469 752 2502 Sedis
765 2470 962 2513 ‚apostolicae
976 2480 1042 2514 spe-

303 2524 383 2563 cula,
408 2523 527 2556 meritis
548 2523 620 2556 licet
643 2523 826 2566 imparibus,
850 2523 955 2556 divina
979 2523 1041 2555 dis-

303 2583 437 2621 ponente
463 2577 660 2621 providentia
685 2578 865 2619 constituti,
889 2578 939 2622 pia
964 2578 1043 2611 chri-

341 2640 352 2666 1
369 2638 406 2666 Ex
422 2639 529 2674 Regest.
546 2639 571 2665 in
585 2639 686 2666 Secret.
704 2639 780 2666 Brer.

900 232 1041 258 {iniimus
1065 233 1122 257 vm
1146 234 1194 257 1¹1³.

1708 223 1766 257 ⁹221

1059 282 1241 314 stitidelium
1272 286 1363 321 rota,
1394 291 1475 325 quac
1505 281 1543 314 ad
1572 281 1667 314 divini
1696 282 1799 314 cultus

1059 340 1264 378 augmentum
1287 339 1315 369 et
1336 335 1477 378 ipsorum
1501 334 1642 367 fidelium
1667 335 1800 367 salutem

1059 393 1211 432 spectant,
1228 388 1266 421 ad
1286 389 1493 422 exauditionis
1510 386 1644 432 gratiam
1666 388 1801 421 libenter

1059 441 1263 481 admittimus,
1282 446 1376 484 prout
1390 442 1529 485 ipsorum
1547 440 1800 489 christifidelium

1060 495 1237 528 animarum
1256 495 1347 529 saluti
1364 495 1575 539 conspicimus
1587 495 1755 529 salubriter
1769 495 1801 527 in

1062 548 1194 581 Domino
1219 548 1377 591 expedire.

1104 602 1119 645 g
1142 602 1169 634 l.
1194 602 1269 635 Cum
1285 602 1388 645 itaque
1405 612 1505 645 nuper
1522 602 1626 635 dilecti
1641 602 1695 635 tilii
1712 612 1803 645 guar-
1918 641 1922 646 .

1060 652 1178 687 dianus*
1187 659 1217 687 et
1237 655 1350 688 fratres
1374 655 1487 688 domus
1512 655 1540 688 S.
1566 655 1801 688 Bonaventurae
1817 642 2004 687 i-‘iss‘iii¹t'1¹1¹1i‘⁵.¹-¹x'¹'‹¹2¹ss.'

1061 708 1099 740 de
1116 707 1199 741 Urbe
1219 708 1343 741 Ordinis
1368 708 1501 741 fratrum
1526 708 1680 742 Minorum
1706 709 1801 742 sancti
1817 693 2004 749 3553583'315251‘

1062 762 1220 795 Francisci
1230 762 1503 806 Cappuccinorum
1516 769 1772 805 nuncupatorum
1787 772 1803 795 e
1818 748 1937 807 ifiissi’iffiiil
1949 747 2003 793 03:511

1062 815 1230 859 praedictis
1262 815 1358 849 domo
1390 820 1420 848 et
1448 815 1580 849 ecclesia
1604 815 1643 848 ad
1674 815 1802 848 domum
1818 799 2004 856 iiffiii'ir'iassii'ii]

1063 874 1093 902 et
1125 869 1291 902 ecclesiam
1327 870 1550 902 Immaculatae
1584 859 1881 913 Conceptionis²¹¹¹¹⁵⁸

1063 922 1172 956 beatae
1191 923 1306 956 Mariae
1326 923 1463 966 Virginis
1478 923 1515 956 de
1529 923 1640 956 eadem
1652 923 1735 956 Urbe
1749 933 1806 966 per

1064 975 1213 1008 dilectum
1239 976 1340 1009 filium
1365 981 1510 1009 nostrum
1534 976 1705 1009 Antonium
1726 976 1807 1010 tituli

1064 1029 1092 1062 S.
1111 1029 1289 1073 Honuphrii
1304 1029 1523 1074 presbyterum
1537 1029 1739 1071 cardinalem,
1754 1038 1808 1062 no-

1064 1087 1164 1117 strum
1189 1084 1361 1117 secundum
1387 1094 1513 1117 carnem
1538 1084 1666 1117 fratrem
1688 1094 1809 1126 germa-

1064 1146 1151 1177 num,
1177 1148 1236 1180 pro
1261 1137 1380 1170 eisdem
1407 1137 1580 1180 guardiano
1606 1143 1636 1170 et
1660 1137 1808 1170 fratribus

1065 1190 1225 1223 fundatam
1261 1196 1291 1224 et
1326 1196 1539 1224 constructam
1570 1191 1608 1223 de
1640 1191 1749 1223 nostra
1779 1195 1809 1223 et

1065 1244 1158 1277 huius
1175 1250 1299 1278 sanctae
1322 1244 1410 1278 Sedis
1434 1244 1560 1277 licentia
1585 1254 1617 1277 sc
1642 1243 1807 1278 transtule-

1066 1296 1145 1328 rint:

1109 1350 1166 1393 §2
1181 1351 1253 1391 Nos,
1268 1360 1317 1390 ne,
1331 1350 1371 1383 ob
1386 1350 1559 1383 discessum
1575 1350 1708 1383 fratrum
1722 1360 1809 1394 prae·
1823 1344 2009 1403 dfiftiffin=¹<gfjgj

1065 1402 1220 1436 dictorum
1231 1403 1269 1436 ab
1280 1404 1391 1436 eadem
1410 1402 1551 1445 ecclesia,
1566 1414 1602 1436 ea
1614 1404 1728 1436 debitis
1739 1414 1809 1447 pro·
1823 1398 2008 1456 {ifvngusffi'ggtei‘ffi

1066 1461 1174 1500 pterea
1197 1457 1360 1490 fraudetur
1380 1457 1551 1501 obsequiis,
1572 1457 1626 1490 sed
1646 1457 1678 1490 in
1695 1457 1809 1490 divinis
1824 1450 2009 1510 tffuci'fflfffiwauae

1067 1509 1266 1543 laudabiliter
1275 1510 1481 1550 deserviatur,
1502 1516 1653 1554 quantum
1670 1521 1741 1543 cum
1753 1511 1810 1543 Do·
1825 1496 1863 1510 ω
1893 1498 1899 1509 ι
1924 1504 1930 1510 ’

1069 1562 1162 1595 mino·
1179 1573 1349 1606 possumus
1374 1563 1552 1606 providere,
1577 1563 1735 1607 simulque
1754 1573 1810 1595 na-

1069 1616 1144 1649 tioni
1163 1617 1305 1650 Lucanae.
1323 1617 1354 1649 in
1372 1617 1480 1649 eadem
1496 1617 1578 1650 Urbe
1591 1617 1810 1659 commoranti,

1070 1674 1099 1702 et
1122 1670 1262 1712 plurium
1288 1671 1447 1703 Romanae
1465 1671 1571 1703 curiae
1585 1671 1811 1714 praelatorum,
1836 1666 1840 1670 ’

1069 1722 1289 1765 ahornmque‘
1315 1723 1457 1755 virorum
1486 1723 1651 1763 doctrina,
1676 1723 1810 1766 pietate,

1071 1786 1178 1808 rerum
1198 1776 1410 1818 gerendarum
1437 1787 1505 1816 usu,
1524 1777 1656 1819 aliisque
1676 1776 1812 1819 egregiis

1071 1829 1220 1862 virtutum
1238 1830 1430 1862 ornamentis
1448 1829 1674 1872 praestantium
1693 1829 1813 1861 meritis

1072 1881 1196 1923 insigni,
1211 1881 1379 1925 specialem
1395 1882 1528 1924 gratiam
1547 1883 1649 1914 facere
1664 1882 1813 1921 volentes,

1072 1934 1234 1978 ipsiusque
1258 1935 1394 1967 nationis
1420 1935 1595 1977 singulares
1620 1945 1772 1978 personas
1797 1945 1815 1967 a

1072 1988 1234 2031 quibusxis
1246 1988 1590 2028 excommamicationis,
1601 1988 1814 2031 suspensionis

1073 2047 1102 2073 et
1125 2041 1303 2081 interdicti,
1328 2042 1460 2085 aliisque
1485 2042 1704 2074 ecclesiasticis
1738 2051 1812 2074 sen-

1073 2096 1187 2133 tentiis,
1207 2096 1349 2128 censuris
1374 2102 1401 2128 ct
1428 2097 1546 2139 poenis
1567 2107 1584 2128 a
1610 2096 1677 2128 iure
1702 2096 1750 2128 vel
1775 2095 1814 2127 ab

1073 2148 1209 2189 homine,
1236 2149 1346 2192 quavis
1371 2151 1536 2182 occasione
1554 2150 1599 2181 vel
1618 2151 1710 2181 causa
1736 2149 1814 2189 latis,

1073 2201 1097 2232 si
1112 2201 1225 2243 quibus
1241 2202 1477 2244 quomodolibet
1491 2202 1655 2235 innodatae
1669 2202 1814 2239 existunt,

1073 2254 1111 2286 ad
1136 2254 1280 2286 effectum
1298 2255 1511 2298 praesentium
1526 2256 1687 2288 dumtaxat
1707 2266 1815 2287 conse»

1074 2308 1242 2351 quendum,
1270 2308 1379 2340 harum
1406 2309 1486 2341 serie
1511 2309 1708 2342 absolventes
1721 2314 1751 2341 et
1766 2308 1815 2340 ab-

1075 2362 1190 2394 solutas
1216 2361 1281 2393 fore
1313 2368 1498 2404 censentes,
1532 2361 1815 2406 supplicationibus

1075 2415 1141 2447 eius
1165 2414 1292 2447 nomin'e
1317 2415 1407 2447 nobis
1439 2426 1534 2458 super
1564 2416 1622 2448 hoc
1654 2414 1815 2446 humiliter

1076 2468 1230 2511 porrectis
1254 2468 1414 2508 inclinati,
1447 2469 1477 2500 in
1511 2468 1604 2500 domo
1631 2473 1660 2499 ct
1684 2467 1816 2499 ecclesia

1076 2522 1104 2555 S
1120 2522 1352 2553 bonaventurae
1370 2522 1537 2564 praedictis
1549 2531 1674 2554 omnem
1690 2526 1815 2559 statum,

1075 2576 1240 2608 essentiam
1254 2579 1283 2608 ct
1296 2574 1535 2618 dependentium
1558 2574 1728 2617 regulares,
1747 2583 1815 2607 om-

1818 232 1867 260 An.
1885 232 1912 261 C.
1931 233 1995 260 1631

1882 613 2001 634 Tmmtatio

1113 2640 1123 2666 1
1142 2638 1212 2666 Edit.
1229 2637 1308 2666 Main.
1325 2638 1388 2673 legit
1403 2638 1531 2666 citiorum
1548 2638 1643 2674 (tt.T.).
