2248 3229
183 230 236 258 An.
257 229 286 256 c.
302 227 372 256 1638
418 218 482 253 644

383 278 467 320 liqna
486 277 581 317 Italia,
599 281 632 309 ut
648 275 833 320 praefertur,
849 275 1045 317 degentibus,
1065 274 1118 316 qui

382 330 527 363 ecclesias
551 329 739 372 praedictas,
765 338 818 360 seu
844 337 951 360 earum
977 327 1118 366 alteram,

381 384 488 417 novies
520 382 674 416 continuis
703 391 757 414 scu
786 380 980 424 interpolatis
1009 380 1119 412 diebus

382 438 462 469 intra
487 436 642 468 dictorum
667 435 801 468 duorum
830 433 985 466 mensium
1014 438 1044 465 et
1067 443 1117 465 re-

381 490 516 533 spective
541 488 717 533 quindecim
744 488 865 520 dierum
891 486 1025 530 spatium
1049 486 1120 518 risi-

382 543 522 582 taverint,
541 547 570 574 et
589 541 673 580 inibi,
691 545 722 574 ut
741 551 845 584 supra,
863 540 1032 579 oraverint,
1049 550 1120 572 nec-

380 606 440 628 non
466 595 542 627 seria
564 596 673 637 quarta
694 600 723 626 et
744 595 829 626 sexta
854 603 890 625 ac
914 593 1043 626 sabbato
1068 593 1119 625 ali-

380 648 468 680 ruius
492 647 706 680 hebdomadae
729 647 808 678 intra
833 646 951 679 dictum
970 645 1118 689 temporis

379 701 513 743 spatium
539 699 752 732 decurrendac
777 699 998 740 ieiunaverint,
1024 699 1118 731 licen-

381 753 452 785 tiam
471 753 671 786 concedimus
688 758 718 785 et
742 753 936 794 facultatem,
954 755 987 786 ut
1005 751 1062 784 sibi
1080 752 1117 784 ad

380 807 462 839 hunc
483 806 628 839 effectum
653 806 771 849 eligere.
795 806 917 849 possint
936 815 1119 849 quemcum-

379 870 438 902 que
458 860 678 903 presbyterum
697 859 922 892 confessarium
946 864 1009 891 tarn
1035 869 1119 891 secu-

380 913 475 945 larem
501 923 595 956 quam
621 912 758 945 cuiusvis
779 912 903 945 Ordinis
928 912 1117 954 regularem,

379 965 472 998 etiam
493 976 528 998 ex
554 966 629 998 alias
654 965 837 1009 approbatis
863 976 879 998 a
904 965 1045 998 locorum
1066 964 1119 997 Or-

378 1019 517 1059 dinariis,
542 1019 595 1063 qui
621 1030 674 1052 eos
698 1019 736 1051 ab
761 1019 909 1052 omnibus
935 1029 1116 1052 excommu-

378 1073 560 1113 nicationis,
587 1072 801 1116 suspensionis
827 1077 856 1106 et
879 1072 946 1105 aliis
972 1072 1116 1105 ecclesia-

379 1126 463 1158 sticis
488 1126 648 1159 sententiis
671 1129 701 1159 et
725 1126 874 1167 censuris,
892 1136 909 1157 a
930 1126 997 1157 iure
1015 1125 1062 1157 vel
1079 1125 1117 1157 ab

379 1179 524 1217 bomine,
548 1179 656 1222 quavis
682 1180 774 1211 causa
800 1179 869 1210 latis
894 1189 948 1210 seu
972 1178 1116 1218 inflictis,

379 1243 501 1265 necnon
525 1232 564 1264 ab
588 1233 735 1265 omnibus
759 1232 904 1275 peccatis,
927 1231 1116 1269 excessibus,

379 1286 561 1318 criminibus
586 1292 615 1318 et
639 1285 769 1325 delictis,
789 1285 987 1328 quantumvis
1012 1285 1116 1328 graxi-

379 1339 437 1372 bus
456 1344 485 1371 et.
505 1338 697 1377 enormibus,
716 1339 808 1370 etiam
827 1338 969 1371 locorum
989 1337 1118 1371 Ordina-

379 1392 443 1431 riis,
461 1393 523 1424 six-e
548 1392 638 1425 nobis
659 1398 689 1424 et
708 1391 778 1425 Sedi
798 1391 1005 1435 Apostolicae,
1023 1391 1116 1423 etiam

380 1445 409 1477 in
434 1445 545 1478 litteris
570 1445 620 1478 die
644 1445 762 1478 Coenae
787 1444 909 1477 Domini
935 1444 996 1486 legi
1017 1443 1116 1476 solitis

379 1499 553 1538 contentis,
579 1505 608 1532 et
632 1499 706 1531 alias
731 1509 788 1542 per
821 1508 1038 1542 quascumque
1061 1508 1116 1530 no-

379 1557 458 1585 stras
482 1557 533 1585 aut
552 1553 763 1585 Romanorum
783 1551 968 1584 Pontificum
988 1550 1118 1594 praede-

379 1616 539 1638 cessorum
564 1611 746 1638 nostrorum
772 1605 1019 1645 constitutiones,
1044 1615 1118 1647 qua-

378 1669 448 1690 rum
469 1664 594 1691 tenores
611 1657 828 1702 praesentibus
845 1658 955 1691 haberi
972 1658 1116 1690 volumus

379 1722 437 1754 pro
451 1711 615 1755 expressis,
626 1711 923 1754 quomodocumque
938 1710 1116 1750 reservatis,

379 1765 410 1796 in
435 1765 503 1798 soro
528 1765 737 1797 conscientiae
766 1769 795 1796 et
823 1764 881 1797 bac
905 1764 972 1796 rice
997 1768 1115 1796 tantum

380 1823 455 1861 (non
473 1824 575 1850 tamen
596 1828 612 1850 a
633 1817 764 1850 crimine
784 1817 934 1859 haeresis)
955 1817 1117 1850 absolvere

380 1876 410 1903 et
426 1871 560 1904 liberare
585 1871 705 1903 valeant
721 1881 727 1909 ;
747 1876 774 1902 et
793 1870 922 1914 insuper
939 1876 1009 1903 rota
1027 1880 1118 1914 quae-

381 1935 515 1967 cumque
540 1924 715 1966 (religionis
740 1929 770 1956 et
793 1923 942 1957 castitatis
967 1924 1116 1966 exceptis)

381 1978 412 2009 in
433 1977 491 2009 alia
507 1977 558 2020 pia
576 1982 605 2009 et
622 1977 768 2009 salutaria
789 1987 886 2020 opera
911 1981 1116 2017 commutare,

380 2030 518 2062 iniuncta
543 2035 645 2062 tamen
673 2030 716 2062 eis
746 2034 774 2061 et
800 2040 909 2062 eorum
935 2029 1062 2062 cuilibet
1087 2030 1116 2061 in

381 2083 568 2126 supradictis
596 2083 741 2115 omnibus
774 2082 897 2115 casibus
926 2082 1116 2125 poenitentia

380 2137 518 2177 salutari,
542 2137 673 2180 aliisque
699 2136 839 2169 eiusdem
865 2136 1046 2169 confessarii
1068 2146 1118 2168 ar-

380 2191 473 2224 bitrio
498 2190 706 2232 iniungendis.

425 2244 439 2287 ἓ
463 2243 492 2276 4.
517 2244 713 2287 Quapropter
732 2249 839 2276 tenore
857 2244 1071 2287 praesentium
1088 2243 1118 2275 in

358 2318 364 2321 ἡ
382 2297 493 2329 virtute
513 2303 636 2330 sanctae
653 2297 846 2329 obedientiae
871 2297 1010 2329 districte
1028 2307 1118 2340 prae-

381 2350 513 2393 cipimus
530 2355 621 2393 atque
640 2350 823 2382 mandamus
846 2350 991 2382 omnibus
1009 2355 1036 2382 et
1056 2350 1120 2393 qui-

381 2403 574 2446 buscumque
610 2403 840 2436 venerabilibus
877 2403 1025 2437 fratribus
1064 2414 1119 2446 pa-

382 2457 536 2497 triarchis,
552 2457 807 2500 archiepiscopis,
823 2457 980 2500 episcopis
997 2461 1027 2489 et
1051 2457 1119 2489 aliis

382 2510 584 2542 ecclesiarum
618 2510 763 2552 praelatis
794 2521 829 2542 ac
866 2510 1119 2553 quibuscumque

383 2562 553 2595 Ordiuariis
570 2563 722 2600 locorum,
742 2563 771 2595 in
790 2564 876 2595 ltalia
902 2569 929 2596 et
956 2563 1120 2596 adiacenti-

383 2616 439 2647 bus
465 2617 490 2647 ei
518 2616 625 2648 insulis
651 2617 865 2653 existentibus,
891 2627 1063 2659 eorumque
1081 2617 1120 2648 vi-

950 226 1129 251 Bt'ttisntmt
1153 225 1171 250 n
1177 224 1308 250 OMANUM

1898 222 1950 251 An.
1972 223 2000 251 C.
2018 224 2086 252 1638

1152 273 1244 306 cariis
1266 279 1293 305 ct
1312 272 1507 315 officialibus,
1525 273 1583 314 vel,
1602 274 1646 306 eis
1658 273 1886 313 deficientibus,

1152 327 1212 359 illis
1236 326 1288 369 qui
1314 337 1420 359 curam
1447 326 1622 359 animarum
1647 332 1813 367 exercent,
1837 332 1886 367 ut,

1152 390 1222 412 cum
1255 380 1469 423 praesentium
1494 379 1668 413 litterarum
1694 385 1889 422 transumpta

1151 437 1204 466 aut
1228 434 1371 477 exempla
1396 433 1488 466 etiam
1514 433 1669 476 impressa
1692 432 1887 476 acceperint,

1152 486 1202 518 illa
1221 486 1324 518 statim
1343 487 1462 530 absque
1476 487 1540 519 ulla
1555 487 1653 528 mora,
1668 485 1889 524 retardatione,

1153 540 1199 571 vel
1233 539 1457 583 impedimento
1488 550 1545 583 per
1576 549 1647 572 suas
1683 539 1830 572 ecclesias
1861 543 1892 570 et

1152 592 1329 632 dioeceses,
1360 592 1547 636 provincias,
1573 592 1732 633 civitates,
1764 591 1889 635 oppida⁷

1153 650 1251 678 terras
1276 650 1305 678 et
1329 645 1397 678 loca
1425 645 1585 688 publicent
1613 650 1644 677 et
1671 644 1824 688 publicari
1849 644 1891 676 fa-

1152 697 1243 737 ciant,
1268 698 1494 741 ecclesiamque
1519 708 1574 730 seu
1594 697 1741 731 ecclesias
1765 697 1890 731 visitan-

1151 750 1205 782 das
1230 750 1402 793 designent.

1196 804 1211 846 ξ
1235 803 1264 836 5.
1290 804 1358 836 Non
1383 803 1573 836 intendimus
1598 808 1702 836 autem
1727 814 1784 848 per
1803 814 1890 848 prae-

1152 863 1254 890 sentes
1274 867 1368 900 super
1388 857 1493 900 aliqua
1508 857 1750 900 irregularitate,
1763 857 1890 901 publica

1151 911 1198 943 rel
1216 911 1349 950 occulta,
1363 912 1447 951 nota,
1463 911 1594 952 defectu,
1609 911 1822 954 incapacitate,
1835 921 1889 944 seu

1152 964 1343 996 inhabilitate
1353 964 1650 1007 quomodocumque
1660 966 1819 998 contracta
1833 964 1891 997 dis-

1151 1027 1294 1060 pensare,
1314 1017 1363 1050 vel
1387 1017 1523 1061 aliquam
1548 1017 1727 1050 facultatem
1753 1017 1890 1051 tribuere

1151 1070 1360 1113 dispensandi⁷
1382 1081 1436 1103 seu
1461 1070 1656 1111 habilitandi,
1678 1076 1706 1103 et
1730 1071 1760 1103 in
1785 1070 1891 1114 pristi-

1151 1133 1224 1156 num
1241 1128 1354 1156 statum
1370 1124 1566 1165 restituendi,
1581 1124 1671 1158 etiam
1691 1124 1721 1156 in
1735 1124 1803 1157 soro
1821 1134 1892 1157 con-

1151 1176 1314 1215 scientiae;
1340 1186 1441 1219 neque
1458 1177 1550 1210 etiam
1570 1177 1693 1209 casdem
1710 1181 1891 1220 praesentes

1151 1230 1198 1270 iis,
1216 1231 1267 1273 qui
1287 1241 1304 1262 a
1320 1231 1411 1263 nobis
1429 1236 1458 1264 et
1482 1231 1662 1274 Apostolica
1679 1231 1767 1271 Sede,
1788 1231 1835 1263 vel
1852 1231 1890 1263 ab

1151 1284 1255 1327 aliquo
1280 1285 1418 1327 praelato
1433 1312 1440 1326 ,
1470 1295 1524 1317 seu
1554 1285 1656 1318 iudice
1680 1284 1891 1317 ecclesiastico

1151 1337 1423 1378 excommunicati⁷
1448 1337 1608 1381 suspensi,
1632 1337 1811 1377 interdicti,
1835 1347 1892 1369 seu

1150 1391 1226 1423 alias
1252 1390 1282 1422 in
1307 1391 1476 1423 sententias
1508 1396 1538 1423 et
1562 1400 1711 1423 censuras
1744 1389 1891 1422 incidisse

1150 1443 1298 1476 declarati
1328 1444 1375 1476 vel
1400 1443 1528 1487 publice
1552 1443 1730 1476 denunciati
1754 1443 1890 1482 suerint,

1150 1497 1209 1529 nisi
1235 1496 1315 1529 infra
1340 1502 1463 1540 tempus
1481 1496 1637 1529 dictorum
1657 1495 1793 1529 duorum
1812 1506 1894 1528 men-

1152 1550 1231 1583 sium
1257 1556 1286 1583 et
1310 1550 1482 1594 respective
1507 1550 1685 1594 quindecim
1706 1550 1828 1583 dierum
1849 1560 1893 1582 sa-

1152 1604 1332 1645 tisfecerint,
1349 1608 1400 1638 aut
1425 1614 1495 1637 cum
1517 1604 1659 1647 partibus
1684 1603 1892 1637 concordave-

1152 1658 1224 1698 rint,
1242 1658 1306 1691 ullo
1330 1657 1424 1691 rtlodo
1454 1657 1621 1700 suffragari
1645 1667 1737 1701 posse
1762 1661 1813 1691 aut
1837 1657 1888 1689 de-

1152 1711 1236 1744 bere.

1196 1765 1210 1807 g
1228 1763 1257 1796 6.
1272 1765 1339 1797 Non
1357 1763 1551 1796 obstantibus
1571 1763 1846 1797 constitutionibus
1863 1767 1893 1797 et

1152 1817 1401 1850 ordinationibus
1421 1817 1612 1860 apostolicis,
1626 1816 1809 1860 praesertim
1827 1817 1892 1860 qui-

1153 1871 1211 1903 bus
1235 1871 1364 1904 facultas
1389 1870 1569 1903 absolvendi
1586 1870 1618 1902 in
1636 1871 1729 1904 certis
1746 1876 1819 1903 tunc
1843 1881 1893 1903 ex-

1152 1923 1267 1966 pressis
1292 1923 1415 1956 casibus
1440 1923 1482 1955 ita
1506 1924 1646 1956 Romano
1668 1923 1810 1956 Pontifici
1834 1933 1892 1966 pro

1154 1982 1296 2020 tempore
1315 1976 1458 2008 existenti
1474 1980 1661 2015 reservatur,
1677 1980 1712 2008 ut
1728 1986 1785 2008 nec
1798 1975 1890 2008 etiam

1153 2029 1269 2061 similes
1291 2029 1337 2061 rel
1363 2028 1529 2061 dissimiles
1554 2028 1818 2071 indulgentiarum
1843 2028 1891 2060 vel

1155 2083 1334 2115 facultatum
1360 2083 1538 2116 huiusmodi
1565 2082 1804 2121 concessiones,
1832 2081 1892 2114 nisi

1153 2136 1191 2168 dc
1209 2136 1269 2168 illis
1290 2146 1438 2179 expressa
1463 2136 1580 2169 mentio
1604 2141 1655 2168 aut
1682 2135 1824 2179 specialis
1843 2134 1893 2167 de-

1153 2190 1274 2232 rogatio
1300 2190 1368 2229 fiat,
1396 2189 1541 2232 cuiquam
1567 2189 1734 2231 suffragari
1759 2194 1891 2232 queant,

1153 2253 1275 2276 necnon
1296 2243 1405 2286 regula
1423 2244 1531 2276 nostra
1550 2242 1588 2276 de
1605 2253 1667 2275 non
1685 2242 1892 2275 concedendis

1154 2297 1356 2340 indulgentiis
1380 2297 1418 2330 ad
1435 2297 1543 2338 instar,
1561 2308 1595 2330 ac
1620 2305 1893 2340 quorumcumque

1154 2349 1305 2383 Ordinum
1332 2355 1360 2383 et
1379 2351 1658 2393 congregationum
1684 2350 1748 2382 sive
1776 2349 1894 2382 institu-

1155 2408 1257 2435 torum
1284 2403 1491 2446 regularium,
1506 2403 1599 2436 etiam
1618 2403 1805 2442 iuramento,
1824 2411 1894 2434 con-

1154 2456 1330 2489 firmatione
1347 2456 1528 2499 apostolica,
1543 2457 1590 2489 vel
1605 2456 1664 2488 alia
1679 2455 1786 2499 quavis
1797 2454 1894 2487 firmi-

1156 2514 1214 2543 tate
1232 2510 1398 2550 roboratis,
1416 2509 1536 2543 statutis
1557 2515 1586 2542 et
1604 2508 1892 2548 consuetudinibus,

1154 2563 1326 2607 privilegiis
1343 2573 1479 2606 quoque,
1501 2563 1629 2595 indultis
1646 2568 1673 2595 et
1691 2561 1801 2594 litteris
1821 2571 1892 2603 apo-

1155 2616 1281 2652 stolicis,
1301 2615 1417 2649 eisdem
1443 2615 1620 2655 Ordinibus,
1642 2613 1892 2656 congregationi-

1957 815 2022 835 Casus
2032 831 2037 839 ,
2051 815 2088 841 qui

1904 842 2043 867 excipiuntur.

1958 1769 2090 1790 obstantium

1907 1796 2024 1822 derogatio.
