2248 3229
37 229 88 256 An.
109 229 138 256 C,
157 229 223 257 ¹637

61 291 183 313 clausulae.

107 1412 221 1438 Itepntfltio

37 1443 197 1466 nequ-iturum.

849 227 989 251 rnnxxrs

279 278 295 322 g
319 278 348 312 7.
373 277 594 317 Decet-nonies,
619 276 792 321 praeniissa
817 275 922 309 onmia
946 281 975 309 et

235 331 359 374 singula
385 340 421 364 ac
449 335 632 374 praesentes
660 329 781 363 litteras
804 329 892 362 nullo
916 339 975 362 un-

235 394 329 428 quam
354 388 498 428 tcmpore
524 394 560 416 ex
592 383 846 427 quibuscumque
874 381 976 415 causis

235 435 274 468 de
298 435 521 480 subreptionis,
539 436 586 468 vel
611 435 820 479 obreptionis,
837 445 893 467 seu
911 434 976 467 nul-

235 489 330 522 litatis
355 489 450 531 vitio,
475 495 528 522 aut
553 489 734 522 intentionis
758 494 902 528 nostrae,
927 487 975 520 vel

234 553 436 587 quocumque
450 543 511 577 alio
524 542 646 576 defectu
659 542 771 582 notari,
785 541 976 586 impugnari,

235 597 410 636 retractari,
435 607 490 629 seu
515 596 608 629 ctiam
634 596 790 638 revocari,
816 594 976 639 suspendi,

236 649 396 692 restringi,
420 649 559 690 limitari,
583 654 635 682 aut
661 649 691 681 in
717 649 764 682 ius
788 648 836 681 vel
854 653 977 681 contro-

236 703 370 736 versiain
405 703 531 743 vocari,
560 707 613 735 aut
644 702 682 735 ad
716 702 867 736 terminos
900 701 977 734 iuris

236 755 344 789 reduci
369 765 479 800 posse;
504 755 612 800 sicque
629 765 687 800 per
699 764 918 799 quoscumque
935 754 977 787 iu-

235 809 320 842 dices
344 809 522 842 ordinarios
546 814 575 842 et
599 809 778 852 delegatos,
802 808 894 841 etiam
919 818 973 841 ca-

237 872 341 895 merae
365 863 557 907 apostolicae
582 862 795 906 praesidentes
823 861 976 902 clericos,

236 920 265 947 et
287 915 428 948 eiusdem
453 915 482 949 S.
505 916 539 949 ll.
568 916 600 949 li.
630 915 822 949 camerarios
846 920 875 947 et
899 914 977 947 alios

236 969 431 1012 cardinales,
457 979 492 1003 ac
517 968 801 1010 vicecamerarios,
826 978 884 1001 nec
914 977 976 1001 non

236 1033 402 1056 causarum
421 1023 526 1067 palatii
541 1022 706 1067 apostolici
723 1021 894 1062 auditores,
907 1021 978 1054 sub-

236 1077 297 1110 lata
326 1077 371 1110 eis
403 1082 433 1110 ct
465 1087 576 1110 eorum
604 1076 732 1110 cuilibet
756 1076 864 1120 quavis
887 1076 979 1110 aliter

237 1129 393 1163 iudicandi
411 1134 441 1164 et
464 1129 694 1174 interpretandi
716 1129 861 1163 facultate
878 1135 907 1162 et
927 1139 978 1162 au-

237 1183 394 1226 ctoritate,
420 1183 551 1216 iudicari
575 1192 611 1216 ac
636 1182 760 1216 definiri
785 1182 917 1224 debere,
941 1192 978 1215 ac

237 1235 362 1270 irritum
391 1241 420 1270 et
452 1236 544 1269 inane
577 1235 731 1280 quidquid
761 1246 852 1269 secus
881 1246 979 1280 super

237 1289 286 1322 liis
298 1299 315 1322 a
329 1299 500 1334 quoquam,
512 1289 622 1333 quavis
635 1289 832 1330 auctoritate,
843 1289 979 1322 scienter

237 1343 284 1376 rel
310 1343 504 1387 ignoranter,
525 1342 694 1387 contigerit
711 1342 867 1376 attentari.

281 1397 296 1441 g
321 1396 350 1430 8.
376 1397 531 1437 Quocirca
546 1397 668 1431 dilectis
692 1397 765 1430 filiis
781 1402 809 1430 et
828 1407 887 1441 pro
905 1402 980 1430 tcm-

237 1461 315 1495 pore
339 1450 546 1484 existentibus
576 1450 668 1484 Urbis
699 1450 926 1494 gubernatori,
951 1453 998 1484 et2

237 1514 404 1537 causarum
430 1504 536 1538 curiae
553 1514 697 1537 camerae
717 1504 909 1548 apostolicae
929 1514 981 1547 ge-

237 1557 335 1591 nerali
361 1557 509 1598 auditori,
534 1563 563 1591 et
588 1562 697 1592 nostro
716 1559 746 1590 in
767 1557 879 1591 eadem
898 1557 980 1592 Urbe

237 1611 367 1655 eiusque
392 1611 538 1644 districtu
563 1611 681 1644 vicario
706 1611 737 1644 in
761 1610 980 1655 spiritualibus

237 1665 388 1708 generali,
414 1670 503 1698 motu
527 1663 622 1697 simili
647 1664 846 1706 mandamus,
864 1670 977 1709 quate-

238 1729 296 1751 nus
312 1718 382 1762 ipsi,
400 1718 448 1751 vel
465 1717 538 1758 duo,
555 1722 609 1750 aut
626 1727 708 1750 unus
725 1727 846 1758 eorum,
864 1727 920 1762 per
937 1727 979 1758 sc,

240 1772 286 1804 vel
310 1772 424 1814 alium,
450 1781 505 1804 seu
529 1771 625 1812 alios,
651 1776 833 1815 praesentes
860 1771 980 1804 litteras

238 1830 268 1857 et
293 1825 323 1857 in
347 1825 393 1858 eis
423 1829 568 1859 contenta
599 1835 838 1869 quaecumque,
871 1825 925 1857 ubi
950 1829 980 1858 et

239 1877 364 1922 quando
389 1888 470 1922 opus
494 1877 597 1920 suerit,
615 1882 645 1910 et
668 1888 726 1921 pro
742 1883 830 1922 parte
846 1888 931 1911 nunc
951 1883 979 1911 et

239 1943 297 1976 pro
322 1937 464 1976 tempore
489 1931 640 1964 interesse
664 1931 847 1965 habentium
866 1931 981 1964 suerint

240 1984 400 2028 requisiti,
425 1985 609 2018 solemniter
631 1983 848 2028 publicantes,
873 1983 981 2027 eisque

239 2039 375 2072 efficacis
398 2038 589 2072 defensionis
612 2037 770 2082 praesidio
790 2037 980 2078 assistentes,

239 2092 353 2125 saciant
369 2092 553 2129 auctoritate
570 2094 677 2124 nostra
694 2091 820 2124 easdem
838 2101 982 2134 praescn-

240 2152 286 2179 tes
316 2150 345 2178 et
382 2146 412 2179 in
443 2145 489 2179 eis
517 2150 663 2179 contenta
693 2155 912 2188 quaecumque
942 2144 981 2176 ab

239 2199 405 2241 omnibus,
430 2198 469 2232 ad
493 2209 572 2243 quos
605 2202 723 2242 spectat
748 2203 778 2230 et
809 2207 869 2241 pro
901 2189 999 2229 tem-¹

240 2263 317 2297 pore
345 2251 515 2297 spectabit,
547 2251 680 2286 firmiter
704 2257 733 2285 et
759 2250 999 2291 inviolabiliter,

240 2306 424 2347 observari,
450 2316 486 2339 ac
510 2315 593 2338 nunc
616 2310 645 2338 et
670 2316 729 2349 pro
761 2310 902 2349 tempore
928 2305 978 2338 in·-

241 2367 358 2394 teresse
371 2359 523 2393 habentes
537 2358 622 2393 illos'
638 2358 767 2403 pacifice
783 2359 844 2392 frui
863 2362 891 2393 ct
909 2369 982 2403 gau-

240 2415 334 2456 dere,
359 2424 422 2448 non
442 2414 660 2458 permittentes
684 2423 738 2446 eos
761 2413 901 2457 desuper
923 2424 982 2458 per

239 2478 456 2514 quoscumque
481 2467 719 2512 quomodolibet
750 2467 887 2501 indebite
918 2478 982 2501 ino-

241 2523 366 2563 lestari;
387 2521 636 2556 contradictores
655 2521 813 2565 quoslibet
832 2526 862 2555 et
882 2521 982 2555 rebel-

240 2578 285 2610 les
308 2587 367 2621 per
390 2586 541 2611 censuras
558 2581 587 2609 et
608 2585 725 2620 poenas
743 2575 981 2617 ecclesiasticas,

279 2642 287 2667 t
307 2640 400 2668 l'otius
415 2641 475 2676 lege
492 2639 551 2667 iltis
564 2641 601 2674 (n.
618 2640 667 2674 11).
997 2614 1000 2673 Ι

1014 227 1061 250 rr.
1088 226 1142 250 vin

1009 275 1131 319 aliaque
1156 278 1333 318 opportuna
1359 272 1436 306 iuris
1455 278 1485 305 et
1505 271 1576 306 sacti
1601 272 1750 315 remedia,

1010 327 1221 372 appellatione
1244 326 1430 371 postposita,
1450 325 1692 370 compescendo,
1716 337 1752 359 ac

1010 390 1158 414 censuras
1181 385 1211 413 et
1234 389 1350 423 poenas
1375 379 1479 423 ipsas,
1504 380 1626 412 servata
1650 379 1751 412 fornia

1010 434 1136 468 concilii
1158 433 1347 473 Tridentini,
1371 433 1465 466 etiam
1490 432 1608 466 iteratis
1633 432 1753 466 vicibus

1010 485 1222 530 aggravando,
1236 485 1380 519 invocato
1394 485 1487 518 etiam
1500 485 1538 518 ad
1551 486 1622 526 lioc,
1635 485 1660 518 si
1674 496 1752 530 opus

1010 539 1114 581 suerit,
1139 538 1256 572 auxilio
1281 539 1402 572 brachii
1428 539 1600 572 seculariis.

1055 593 1116 638 gt).
1134 594 1202 627 Non
1228 593 1426 626 obstantibus
1446 594 1553 627 nostra
1578 593 1616 626 de
1642 594 1752 637 gratiis
1776 631 1780 641 .

1010 647 1049 680 ad
1079 647 1178 680 instar
1202 656 1264 680 non
1289 646 1508 689 concedendis,
1536 657 1658 680 necnon
1682 647 1752 692 qui-
1769 640 1801 652 ‘⁸⁴
1861 638 1879 651 '⁰

1011 700 1118 734 busvis
1142 699 1322 744 apostolicis
1335 699 1610 734 constitutionibus
1629 704 1657 734 et
1673 701 1753 734 ordi-

1011 753 1200 794 nationibus,
1221 764 1255 786 ac
1273 753 1395 787 statutis
1413 757 1441 787 et
1463 753 1752 794 consuctudinibus,

1012 807 1186 852 privilegiis
1209 817 1346 851 quoque,
1365 806 1494 840 indultis
1511 812 1539 840 ct
1558 806 1670 840 litteris
1683 817 1752 851 apo-

1012 860 1130 894 stolicis
1154 860 1335 904 praedictae
1367 859 1602 903 congregationi
1630 865 1659 893 et
1683 860 1752 904 qui-

1012 915 1119 948 busvis
1132 914 1400 955 universitatibus,
1414 915 1566 958 collegiis,
1580 925 1753 959 eorumque

1012 968 1241 1013 superioribus,
1266 968 1432 1012 deputatis,
1453 968 1639 1010 rectoribus,
1659 969 1754 1001 alum-

1011 1023 1059 1056 nis
1084 1027 1115 1056 et
1138 1022 1208 1056 aliis
1239 1022 1384 1066 personis
1416 1021 1508 1055 etiam
1539 1022 1597 1054 sub
1621 1021 1753 1066 quibus-

1013 1087 1150 1120 cumque
1164 1075 1335 1110 verborum
1353 1075 1515 1109 tenoribus
1533 1080 1563 1108 et
1583 1075 1701 1116 formis,
1719 1086 1754 1108 ac

1013 1141 1085 1164 eum
1111 1130 1274 1176 quibusvis
1298 1129 1393 1163 etiam
1410 1129 1684 1172 derogatoriarum
1702 1129 1755 1162 de-

994 1184 1193 1227 .rogatoriis‚
1217 1183 1350 1227 aliisque
1374 1182 1605 1216 efficacioribus
1625 1186 1655 1216 et
1675 1182 1756 1216 inso-

1013 1237 1075 1270 litis
1099 1237 1257 1280 clausulis,
1274 1246 1399 1270 necnon
1424 1235 1620 1269 irritantibus
1637 1240 1667 1268 et
1684 1236 1754 1269 aliis

1013 1289 1164 1331 decretis,
1189 1290 1221 1322 in
1245 1299 1362 1333 genere
1382 1289 1430 1322 vel
1456 1289 1487 1321 in
1512 1289 1636 1333 specie,
1661 1289 1754 1322 etiam

1015 1349 1119 1384 motu,
1151 1343 1281 1376 seientia
1312 1347 1342 1376 et
1370 1342 1532 1387 potestatis
1562 1342 1755 1386 plenitudine

1014 1397 1154 1441 paribuS,
1179 1407 1215 1430 ac
1239 1396 1314 1430 alias
1331 1395 1570 1440 quomodolibet
1586 1395 1617 1428 in
1635 1399 1756 1430 contra-

1016 1450 1096 1484 rium
1123 1450 1299 1491 concessis,
1323 1449 1506 1494 approbatis
1530 1454 1560 1482 et
1586 1449 1754 1489 innovatis3

1015 1504 1128 1548 quibus
1152 1503 1300 1537 omnibus
1331 1508 1362 1536 et
1393 1502 1546 1546 singulis,
1571 1502 1692 1535 etiamsi
1717 1502 1756 1535 de

1015 1557 1076 1590 illis
1108 1567 1282 1600 eorumque
1314 1556 1476 1589 tenoribus
1501 1555 1662 1600 specialis,
1687 1566 1755 1599 spe-

1015 1610 1114 1651 cifica,
1139 1619 1288 1654 expressa
1308 1614 1336 1642 et
1358 1608 1526 1650 individua,
1547 1619 1583 1642 ae
1601 1608 1639 1642 de
1661 1609 1756 1642 verbo

1015 1663 1052 1696 ad
1078 1663 1222 1705 verbum,
1247 1673 1309 1697 non
1333 1668 1437 1696 autem
1458 1673 1514 1707 per
1531 1663 1686 1696 clausulas
1707 1673 1757 1705 gc-

1014 1717 1137 1750 nerales
1173 1717 1254 1750 idem
1292 1716 1520 1760 importantes,
1553 1715 1672 1749 mentio
1702 1726 1755 1749 scu

1014 1771 1143 1814 quaevis
1167 1770 1227 1802 alia
1255 1770 1428 1814 expressito
1452 1769 1595 1802 habenda
1623 1775 1676 1802 aut
1701 1770 1755 1802 ali·

1015 1834 1078 1868 qua
1101 1824 1160 1856 alia
1179 1823 1332 1867 exquisita
1352 1823 1451 1856 forma
1469 1822 1507 1855 ad
1524 1823 1584 1856 lioc
1605 1823 1757 1856 servanda

1015 1878 1107 1918 soret,
1131 1880 1256 1911 tenores
1280 1875 1474 1919 huiusmodi,
1501 1887 1535 1909 ac
1561 1875 1640 1909 side
1660 1876 1757 1909 verbo

1015 1930 1054 1963 ad
1076 1930 1206 1963 verbum
1233 1930 1311 1963 nibil
1331 1929 1457 1974 penitus
1474 1930 1592 1963 omisso
1609 1935 1639 1963 ct
1657 1929 1755 1963 soi-ina

1016 1984 1047 2016 in
1074 1983 1134 2016 illis
1156 1983 1267 2018 tradita
1293 1981 1480 2017 observata¹
1499 1982 1606 2015 inserti
1634 1982 1756 2023 forent,

1016 2038 1233 2081 praesentibus
1258 2048 1316 2081 pro
1339 2037 1430 2081 plene
1456 2041 1485 2071 et
1501 2037 1692 2070 sufficienter
1710 2048 1758 2071 ex-

1016 2091 1132 2135 pressis
1157 2096 1186 2123 et
1212 2091 1336 2124 insertis
1360 2090 1522 2133 habentes,
1548 2091 1609 2124 illis
1633 2091 1708 2124 alias
1728 2091 1756 2124 in

1016 2155 1073 2178 suo
1095 2144 1210 2177 robore
1231 2143 1460 2188 permansuris,
1477 2143 1535 2177 liac
1553 2144 1620 2177 vice
1637 2144 1758 2177 dumta-

1018 2204 1066 2231 xat
1092 2197 1270 2242 specialiter
1294 2202 1324 2230 et
1349 2207 1497 2241 expresse
1514 2201 1600 2232 motu
1621 2198 1690 2242 pari
1709 2198 1758 2231 d.»-

1017 2262 1180 2296 rogamus;
1195 2251 1363 2285 contrariis
1380 2251 1647 2296 quibuscunique;
1664 2256 1714 2286 aut
1733 2252 1756 2284 >i

1016 2305 1177 2350 quibusvis
1203 2305 1415 2338 communiter
1439 2305 1486 2338 vel
1512 2305 1635 2339 divisim
1656 2306 1694 2339 ab
1712 2308 1758 2340 ca-

1016 2360 1086 2393 dein
1112 2359 1151 2392 sit
1175 2358 1253 2393 Sede
1279 2358 1434 2391 indultum
1450 2385 1458 2400 ‚
1482 2359 1566 2403 quod
1592 2359 1758 2401 interdici,

1016 2413 1165 2458 suspendi
1191 2413 1237 2446 vel
1263 2412 1530 2446 excommunicari
1550 2423 1612 2447 non
1638 2413 1759 2457 possint

1016 2478 1072 2512 per
1096 2467 1215 2500 litteras
1232 2466 1420 2510 apostolicas
1445 2476 1507 2500 non
1524 2466 1672 2500 facientes
1692 2467 1757 2511 ple-

1016 2531 1087 2555 nam
1117 2525 1145 2555 et
1175 2531 1354 2565 expressam
1384 2530 1419 2553 ac
1445 2520 1482 2553 de
1507 2520 1605 2554 verbo
1629 2520 1668 2553 ad
1695 2532 1759 2554 ver-

1016 2575 1090 2608 bum
1117 2574 1154 2607 de
1180 2574 1301 2607 indulto
1327 2573 1507 2608 huiusmodi
1533 2573 1734 2608 mentionem.

1057 2640 1064 2665 t
1086 2637 1227 2666 Coniunet.
1244 2640 1270 2666 el
1285 2637 1409 2665 delemus
1424 2642 1462 2672 (n.
1478 2637 1526 2671 τ.).

1653 214 1717 249 583
1763 225 1814 251 An.
1837 225 1864 252 c..
1886 225 1948 252 1037
