2248 3229
191 264 370 293 An.c.1638

217 329 325 354 Factaque
340 333 375 353 po-

192 357 256 376 testas
289 355 376 375 cuilibet

192 382 212 402 in
249 382 375 401 conti-auium

192 414 230 428 sua
249 408 294 428 iura
311 408 375 428 dedu-

193 434 261 455 cendi.

264 959 377 984 nerogatto

196 987 354 1007 contrariorum.

220 1916 295 1936 Preces
310 1921 384 1941 proru-

202 1943 275 1963 ratast<
298 1948 381 1966 gemma-

201 1969 225 1989 lis
242 1969 324 1989 mutuli«
338 1974 383 1988 san-

202 1999 228 2015 (ιι
245 1996 360 2021 Augustini,

417 255 481 290 634
959 261 1137 286 BrrLAnlun

435 313 502 357 {3
532 312 561 345 Si
598 320 671 344 vero
707 309 874 352 contigerit
908 309 1043 353 aliquem
1079 309 1144 341 velt

391 366 511 409 aliquos
544 365 770 407 cuiuscumque
800 362 979 405 qualitatis,
1009 365 1126 403 status,

390 419 527 462 gradus,
553 416 739 450 conditionis
770 420 800 447 et
828 415 1009 457 dignitatis,
1035 414 1145 447 etiam2

391 471 628 511 ecclesiastieae,
648 475 677 501 et
693 468 820 512 speciali
846 473 876 500 et
900 467 1060 500 individua
1081 478 1129 500 ex-

390 525 553 569 pressione
578 528 607 556 et
631 524 703 556 nota
737 522 868 564 dignos,
894 521 1065 564 quidquam
1097 520 1146 553 in'

391 576 581 610 contrarium
618 575 863 618 praemissorum
898 573 1127 617 praetendere,

390 630 544 668 volumus,
562 634 591 661 et
610 627 782 671 apostolica
808 627 1003 668 auctoritate,
1020 632 1129 659 tenore
1146 646 1147 678 ἶ

389 681 610 726 praesentium,
635 680 844 719 decernimus,
869 679 953 722 quod
977 679 1036 722 ipsi
1062 679 1131 711 iura

391 746 444 768 sua
476 745 582 768 coram
614 734 705 767 nobis
738 733 893 767 deducant
917 738 945 766 et
975 732 1148 786 deducere¹

392 788 544 825 (lebetum
569 797 625 819 nos
656 787 738 819 euim
764 796 889 819 causam
915 791 945 818 et.
970 785 1149 828 negotium}

392 839 570 873 huiusmodi
599 839 636 872 ad
666 850 722 872 nos
750 839 863 871 barum
889 839 969 871 serie
994 834 1149 871 advoca-³

395 905 472 926 mus.

436 948 450 989 g
474 947 503 979 4.
530 947 596 980 Non
629 946 824 979 obstantibus
858 946 1132 980 constitutionibus

392 1006 422 1033 et
450 1000 699 1033 ordinationibus
730 1000 928 1044 apostolicis,
958 1000 1132 1043 ceterisque

393 1053 558 1087 contrariis
582 1053 841 1097 quibuscumque.

435 1108 546 1140 Datum
561 1108 689 1147 Romae,
703 1107 786 1151 apud
799 1107 827 1140 S.
846 1107 982 1148 Petrum,
1009 1107 1065 1139 sub
1083 1116 1134 1138 an-
1149 1129 1150 1135 i

392 1161 466 1194 nulo
481 1161 657 1201 Piscatoris,
671 1161 720 1194 die
734 1171 774 1194 xv
790 1161 920 1193 ianuarii
934 1169 1133 1201 nncxxxvnt,

392 1214 591 1257 pontificatus
616 1214 715 1247 nostri
740 1224 821 1246 anno
847 1224 899 1248 xv.

428 1275 486 1303 Dat.
502 1275 546 1303 die
565 1276 595 1303 15
614 1276 728 1303 ianuarii
746 1276 822 1311 1638,
840 1276 936 1311 pontif.
955 1284 1024 1304 anno
1041 1284 1085 1304 xv.

707 1420 815 1453 DXCV.

397 1500 488 1542 Quod
520 1500 680 1544 imaqines
711 1505 898 1533 sanctorum
929 1500 1132 1544 Auqustim‘,

438 1553 568 1587 Nicolaz'
590 1553 626 1586 cle
650 1553 818 1586 Tolentino
843 1557 870 1585 et
895 1552 1038 1585 aliorum
1063 1563 1136 1585 scm-

440 1611 564 1639 clorum
590 1605 725 1639 Ordinis
748 1606 854 1638 sancti
877 1606 1060 1649 Auquslini
1084 1606 1135 1639 cle-

437 1660 535 1703 pinyi
551 1663 710 1702 nequeant
728 1669 799 1692 cnm
815 1659 1003 1703 habituque
1015 1659 1138 1692 Discat-

443 1713 524 1746 ceatc'
548 1716 697 1745 utuntur.

601 1793 737 1819 Urbanus
758 1793 836 1825 Papa
856 1792 933 1823 VIII,

526 1837 562 1863 ad
582 1839 756 1870 perpetuam
775 1836 818 1863 rei
839 1835 1017 1862 memoriam.

444 1908 458 1950 ξ
483 1907 511 1939 1.
530 1906 650 1949 Exponi
675 1906 765 1938 nobis
789 1916 889 1949 nuper
913 1905 985 1938 fecit
1009 1905 1156 1958 dilectus}

400 1959 483 1992 silius
508 1965 697 2002 procurator
726 1959 880 2001 generalis
907 1959 1038 1990 fratrum
1064 1959 1156 1991 Ere-t

402 2013 550 2045 mitarum
575 2012 700 2045 Ordinis
725 2012 822 2044 sancti
843 2011 1021 2053 Augustini,
1045 2007 1157 2055 quodf]

402 2077 472 2099 cum
499 2066 564 2109 ipse
590 2065 818 2098 venerabilibus
848 2065 996 2097 fratribus
1025 2065 1140 2097 nostris

402 2125 525 2152 sanctae
557 2120 713 2152 Romanae
746 2119 902 2151 Ecclesiae
930 2118 1157 2150 cardinalibus

403 2173 499 2206 sacris
522 2173 633 2205 ritibus
651 2171 836 2215 praepositis
853 2172 1054 2214 exposuisset,
1068 2175 1158 2215 qua-t

401 2227 473 2259 liter
497 2226 601 2258 dilecti
626 2225 680 2257 filii
706 2231 811 2268 patres
834 2225 1033 2266 Discalceati,
1059 2225 1159 2257 eius-¹

402 2280 472 2312 dem
503 2279 644 2319 Ordinis,
676 2284 740 2311 tum
770 2279 903 2319 Romae,
934 2284 1000 2310 tum
1035 2278 1141 2310 multis

404 2334 470 2366 aliis
488 2333 518 2365 in
535 2333 622 2371 locis,
642 2332 865 2375 imprimebant
883 2337 911 2364 et.
928 2331 1141 2375 depingebant

404 2387 554 2429 imagines
591 2391 769 2419 sanctorum
803 2385 990 2427 Augustini,
1024 2385 1159 2429 Nicolab

403 2439 604 2473 Tolentinatis
637 2445 665 2472 et
696 2439 830 2472 aliorum
855 2439 993 2471 eiusdem
1020 2434 1160 2472 Ordinis'*

405 2497 581 2526 sanctorum
615 2503 684 2525 cum
718 2493 827 2525 babitu
852 2503 914 2535 quo
943 2492 1001 2536 ipsi
1032 2492 1144 2525 Discat-

407 2546 483 2578 ceati
513 2551 665 2585 utuntur,
693 2546 838 2589 quodque
872 2546 901 2578 id
932 2546 1082 2589 vergebat
1113 2546 1143 2578 in

408 2599 577 2631 maximum
601 2599 827 2642 praeiudicium
853 2598 992 2631 eiusdem
1010 2598 1142 2640 Ordinis,

410 2655 438 2684 et
463 2651 493 2683 in
517 2651 581 2684 dies
606 2652 679 2684 dare
707 2657 830 2695 poterat
854 2651 1049 2684 occasionem
1074 2652 1143 2695 plu-

1162 260 1314 285 nonanun

1160 309 1243 341 rium
1279 308 1564 341 controversiarum
1597 312 1628 340 et
1657 308 1895 352 scandalorum,

1161 362 1235 394 dicti
1260 361 1434 394 cardinales
1465 361 1524 394 hac
1556 371 1653 404 super
1676 371 1711 394 re
1735 362 1899 395 ediderunt

1162 414 1323 447 decretum
1350 414 1467 447 tenoris
1492 413 1720 457 subsequentis,
1740 414 1897 448 videlicet:

1207 468 1221 510 g
1245 467 1274 499 02.
1300 467 1462 500 Heferente
1487 467 1734 500 eminentissimo
1760 472 1789 499 et
1812 477 1900 499 reve-

1162 520 1351 553 rendissimo
1368 520 1495 553 domino
1515 519 1665 552 cardinali
1682 519 1832 563 Verospio
1850 531 1902 564 pe-

1164 573 1304 606 titionem
1327 573 1539 616 supradictam
1564 573 1602 605 ad
1627 572 1804 605 instantiam
1829 584 1902 617 pro-

1165 626 1319 659 curatoris
1344 625 1499 668 generalis
1524 625 1648 659 Ordinis
1673 625 1770 658 sancti
1794 626 1902 668 Augu-

1165 679 1246 719 stini,
1264 689 1351 711 sacra
1376 679 1493 711 rituum
1514 678 1732 721 Congregatio,
1750 678 1850 711 citatis
1873 684 1903 711 et

1147 732 1277 772 bauditis
1301 731 1460 775 partibus,
1485 731 1624 772 censuit,
1649 731 1801 774 imagines
1825 742 1900 764 san-

1166 785 1205 818 cti
1231 784 1404 827 Augustini,
1426 784 1523 817 saneti
1547 784 1665 817 Nicolai
1686 784 1723 817 de
1739 784 1903 817 Tolentino

1166 843 1196 870 et
1227 838 1361 871 aliorum
1394 843 1573 871 sanctorum
1609 837 1749 870 eiusdem
1781 837 1904 871 Ordinis

1167 892 1265 924 sancti
1290 891 1471 934 Augustini,
1497 891 1665 934 impressas
1689 896 1743 923 aut
1767 890 1905 934 depictas

1166 956 1183 978 a
1214 945 1362 978 fratribus
1386 944 1586 978 Discalceatis
1617 944 1757 977 eiusdem
1783 944 1906 978 Ordinis

1167 1010 1238 1032 cum
1264 998 1372 1031 babitu
1397 1009 1459 1041 quo
1484 997 1544 1041 ipsi
1562 996 1746 1030 Disealceati
1766 1001 1906 1040 utuntur,

1167 1051 1401 1096 suspendendas
1435 1057 1463 1083 et
1495 1050 1665 1083 abolendas
1696 1061 1780 1092 esse,
1805 1050 1907 1084 iniun-

1167 1105 1367 1148 gendumque
1399 1104 1488 1137 dictis
1513 1104 1664 1136 fratribus
1688 1103 1908 1143 Discalceatis,

1167 1169 1216 1198 ne,
1233 1158 1291 1191 sub
1311 1158 1420 1202 poenis
1440 1157 1572 1190 arbitrio
1592 1157 1685 1189 huius
1706 1167 1814 1190 sacrae
1830 1157 1909 1190 Con-

1168 1211 1379 1254 gregationis,
1403 1211 1476 1243 talia
1501 1210 1635 1254 amplius
1659 1209 1794 1243 audeant
1817 1221 1908 1254 pera-

1168 1275 1252 1308 gere.
1272 1265 1307 1298 Et
1324 1264 1365 1296 ita
1382 1264 1510 1297 omnino
1531 1263 1648 1297 serrari
1669 1263 1836 1296 mandavit.
1853 1263 1908 1297 Die

1168 1328 1222 1352 xxx
1248 1317 1424 1351 decembris
1448 1327 1634 1351 nncxxxvn.
1843 1320 1846 1321 ’

1213 1371 1228 1414 g
1259 1370 1288 1403 3.
1324 1371 1362 1404 Ut
1393 1376 1496 1403 autem
1529 1370 1691 1403 decretum
1727 1370 1907 1403 huiusmodi

1168 1423 1291 1457 firmius
1308 1423 1464 1463 subsistat,
1479 1423 1678 1467 exactiusque
1695 1422 1733 1456 ab
1750 1423 1908 1465 omnibus,

1169 1478 1207 1511 ad
1232 1488 1311 1522 quos
1336 1481 1467 1521 spectat,
1492 1477 1686 1518 observetur,
1711 1477 1802 1510 nobis
1826 1477 1907 1510 idem

1170 1537 1358 1575 procurator
1376 1530 1538 1564 humiliter
1554 1530 1728 1574 supplicari
1744 1530 1826 1570 feeit,
1838 1541 1910 1574 qua-

1171 1591 1259 1618 tenus
1283 1584 1360 1617 illud
1380 1584 1569 1628 apostolicae
1589 1583 1837 1616 confirmationis
1857 1594 1910 1616 ro-

1170 1639 1248 1672 bore
1266 1637 1462 1671 communire
1479 1637 1516 1670 de
1531 1637 1723 1680 benignitate
1737 1635 1909 1680 apostolica

1171 1691 1384 1734 dignaremur.
1406 1691 1468 1723 Nos
1493 1690 1599 1732 igitur,
1620 1689 1738 1722 dictum
1763 1699 1910 1733 procura-

1172 1749 1272 1776 torem
1291 1743 1478 1787 specialibus
1495 1742 1654 1775 savoribus
1671 1747 1701 1775 et
1717 1742 1826 1785 gratiis
1842 1752 1911 1786 pro-

1172 1797 1259 1840 sequi
1283 1797 1430 1837 volentes,
1449 1802 1478 1828 et
1502 1806 1519 1828 a
1543 1795 1703 1838 quibusvis
1729 1806 1910 1828 excommu-

1154 1862 1156 1877 ε
1173 1849 1347 1889 nicationis,
1369 1849 1582 1892 suspensionis
1599 1853 1629 1880 et
1645 1847 1815 1888 interdicti,
1832 1848 1912 1880 aliis—

1173 1913 1233 1946 que
1265 1902 1485 1935 ecclesiasticis
1509 1901 1692 1941 sententiis,
1718 1901 1859 1934 censuris
1882 1906 1913 1934 ct

1174 1956 1292 1999 poenis,
1313 1966 1329 1988 a
1354 1956 1421 1988 iure
1442 1956 1489 1987 vel
1514 1955 1552 1987 ab
1577 1955 1716 1995 homine,
1736 1955 1845 1998 quavis
1864 1965 1913 1988 oc-

1174 2009 1299 2042 casione
1323 2009 1371 2040 rel
1403 2012 1497 2042 causa
1528 2008 1613 2047 latis,
1638 2008 1663 2040 si
1689 2008 1803 2051 quibus
1827 2018 1909 2052 quo-

1156 2062 1345 2113 }modolibet
1370 2062 1535 2096 innodatus
1560 2062 1678 2101 existit,
1704 2061 1742 2094 ad
1767 2061 1911 2094 effectum

1174 2116 1386 2161 praesentium
1403 2116 1563 2149 dumtaxat
1581 2115 1845 2159 consequendum,
1863 2115 1915 2148 ha-

1176 2181 1245 2203 rum
1271 2170 1351 2203 serie
1372 2170 1566 2202 absolventes
1592 2174 1621 2202 et
1645 2169 1824 2202 absolutum
1848 2169 1914 2202 fore

1176 2229 1348 2263 censentes,
1368 2222 1550 2255 huiusmodi
1571 2222 1853 2266 supplicationibus
1872 2222 1915 2254 in-

1176 2277 1303 2316 clinati,
1329 2276 1489 2309 decretum
1515 2275 1718 2315 huiusmodi,
1743 2275 1915 2318 apostolica

1176 2330 1371 2370 auctoritate,
1386 2333 1492 2363 tenore
1513 2328 1736 2372 praesentium,
1751 2329 1916 2362 confirma-

1177 2394 1246 2416 rnus
1279 2388 1307 2416 ct
1339 2382 1569 2426 approbamus,
1594 2382 1701 2425 illique
1728 2381 1916 2415 inviolabilis

1177 2436 1367 2480 apostolicae
1392 2436 1548 2469 firmitatis
1567 2436 1666 2469 robur
1687 2435 1860 2475 adiicimus,
1881 2445 1916 2468 ac

1177 2500 1285 2522 omnes
1310 2494 1340 2522 et
1364 2490 1503 2532 singulos
1531 2494 1594 2521 tam
1623 2488 1700 2521 iuris
1724 2498 1817 2532 quam
1845 2488 1915 2521 sacti

1177 2549 1207 2576 et
1233 2544 1466 2576 solemnitatum
1496 2542 1694 2586 quantumvis
1723 2541 1916 2574 substantia-

1178 2597 1255 2630 lium
1281 2602 1310 2630 et
1335 2597 1461 2641 quosvis
1486 2596 1563 2629 alios
1587 2596 1736 2636 desectus,
1754 2595 1848 2638 siqui
1868 2595 1918 2627 dc-

1179 2660 1272 2694 super
1292 2650 1529 2694 quomodolibet
1553 2649 1777 2682 intervenerint
1801 2653 1854 2680 aut
1872 2647 1918 2680 in-

1910 260 1963 288 An.
1980 260 2010 288 C.
2029 259 2095 288 1638

1951 481 2030 510 Sacrae
2047 481 2100 510 Con-

1917 510 2045 533 erogationis
2074 513 2100 527 rt-

1916 536 1974 555 tuum
1986 534 2102 555 decretum.

1971 1381 2107 1402 Consu-matur

1923 1410 1945 1429 et.
2003 1409 2108 1434 approha-

1923 1438 1963 1459 tur¹
1976 1435 2109 1461 supplentur-

1924 1467 1964 1488 que
1980 1461 2083 1482 desectus.
