2221 3224
224 212 318 238 Aac.
343 212 409 239 1628
454 203 496 236 38

420 261 524 303 aliqua
549 261 701 304 peculiari
726 263 819 295 eausa
844 262 957 294 dimitti
983 263 1159 305 contigerit,

420 324 487 345 eam
513 313 605 347 etiam
631 314 661 345 in
687 314 769 347 dicto
790 315 931 356 catalogo
952 315 1096 358 exprimi,
1118 316 1161 348 in-

420 366 574 409 signiores
607 377 680 400 vero
716 368 915 400 alumnorum
946 368 1158 411 praefatorum

419 420 556 453 actiones
580 421 609 452 in
634 420 744 453 eodem
765 420 846 453 libro
864 425 1024 461 annotare,
1045 432 1159 466 easque

419 484 475 506 suo
500 479 641 517 tempore
666 473 765 506 eidem
786 474 897 507 nuntio
915 474 1104 517 significare,
1126 480 1159 508 ut

420 527 536 569 pariter
561 527 598 559 de
624 527 684 559 illis
709 527 851 560 camdem
877 528 1155 571 congregationem

419 579 584 612 certiorem
610 580 711 612 faeere
736 581 851 621 valeat;
877 592 954 624 quas
981 582 1019 614 ad
1047 592 1103 615 nos
1128 587 1156 615 et

419 644 614 665 successores
624 637 747 667 nostros
757 635 915 668 Romanos
925 635 1090 669 Pontifices
1099 647 1156 679 pro

418 692 558 730 tempore
584 687 750 720 existentes
774 699 830 732 per
855 689 999 721 eamdem
1023 700 1155 732 congre-

417 740 574 781 gationem
600 740 714 773 deferri
741 742 894 782 volumus,
915 746 958 781 ut,
977 753 1047 774 cum
1067 753 1155 775 occa-

417 792 462 824 >10
488 793 610 833 tulerit,
634 794 775 838 praemio
801 795 1061 835 cohonestentur,

272 857 295 888 Ε,
314 871 317 876 .
335 857 339 875 i
387 863 391 877 t
461 846 475 888 ξ
495 845 545 878 ‘lsl.
567 847 610 879 Ac
626 846 760 890 denique
778 848 873 880 alium
894 848 1022 888 librum,
1040 848 1071 880 in
1092 859 1154 891 quo

218 887 299 930 ss15}²¹.“⁰¹
416 898 478 930 dati
504 903 531 931 et
557 900 677 943 accepti
703 900 839 934 rationes
864 900 1103 944 diligentissime
1127 904 1156 934 et

219 944 400 1011 21251.1.01....1i.111-
416 952 588 985 clarissime
605 953 779 996 descriptae
793 954 862 994 sint,
877 954 1010 998 illaeque
1025 954 1155 997 singulis

216 997 235 1011 nl
248 1007 252 1011 .

414 1005 503 1037 annis
527 1006 564 1038 ad
591 1007 694 1039 minus
719 1007 818 1039 eidem
840 1007 954 1040 nuncio
975 1007 1154 1047 reddantur,

415 1058 484 1090 etin
495 1059 561 1092 eius
572 1060 716 1093 manibus
726 1061 921 1104 relinquatur
932 1061 1052 1101 solium,
1061 1061 1154 1103 vulgo

414 1112 593 1154 bilancium,
612 1115 642 1145 in
660 1125 721 1157 quo
739 1115 876 1157 provisio
897 1114 1031 1156 collegii⁷
1050 1120 1079 1147 et
1095 1115 1153 1147 alia

414 1177 493 1210 quae
526 1168 622 1211 ipsius
655 1168 777 1211 collegii
804 1169 850 1201 vcl
879 1169 1077 1201 alumnorum
1104 1180 1153 1201 ra-

415 1220 497 1253 tione
516 1221 681 1264 acceperit,
707 1226 737 1253 et
761 1232 796 1254 ea
821 1232 901 1265 quae
923 1222 976 1254 illo
997 1232 1078 1255 anno
1095 1233 1153 1266 pro

414 1274 511 1317 ipsius
533 1275 656 1317 collegii
672 1280 701 1307 et
714 1275 914 1307 alumnorum
930 1276 1151 1309 sustentatione

415 1327 611 1370 impenderit„
637 1332 742 1360 notata
767 1328 921 1368 existant,
953 1332 986 1361 ut
1010 1328 1153 1361 similiter

414 1380 452 1412 ab
479 1380 589 1413 eodem
614 1381 728 1414 nuncio
753 1381 790 1413 ad
815 1381 928 1414 Urbem
948 1382 1027 1413 mitti
1044 1382 1152 1424 possit,

414 1433 507 1466 etiam
531 1434 664 1473 habcre3
689 1434 713 1466 si
735 1434 809 1478 quid
830 1440 933 1467 autem
951 1434 988 1467 de
1006 1437 1069 1467 tota
1082 1446 1154 1478 pen-

414 1486 510 1519 sionis
534 1487 712 1530 pontificiae
737 1490 879 1528 summa,
904 1487 1033 1520 redditis
1058 1488 1150 1521 ratio-

414 1540 518 1581 nibus⁷
545 1541 717 1583 supererit,
743 1540 772 1573 id
797 1541 844 1573 vel
870 1541 900 1573 iu
925 1541 993 1573 aliis
1018 1541 1152 1574 aluinnis

413 1593 589 1633 evocandis,
614 1594 660 1625 vel
687 1594 717 1625 in
741 1594 925 1627 necessariis
943 1594 1030 1627 libris
1052 1606 1153 1627 emen-

412 1647 469 1689 dis,
492 1648 537 1679 vel
556 1647 587 1679 in
605 1647 771 1680 vestiendis
789 1648 923 1681 alumnis
949 1648 1152 1691 dimittendis,

413 1701 459 1732 rel
485 1701 576 1733 etiam
601 1701 631 1733 in
656 1701 829 1733 redditibus
854 1702 1019 1744 augendis,
1045 1707 1097 1735 aut
1121 1703 1152 1735 iu

413 1754 480 1786 alus
498 1754 621 1797 collegii
638 1755 885 1795 necessitatibus,
906 1755 1036 1788 arbitrio
1052 1757 1152 1790 nuntii

413 1812 441 1842 et
471 1808 592 1840 abbatis
617 1809 779 1841 Fuldensis
811 1809 1067 1852 praedictorinn,
1094 1810 1151 1842 im-

412 1862 505 1905 pendi
520 1861 643 1903 debere,
660 1861 769 1894 eadem
787 1861 971 1896 auctoritate
987 1863 1152 1896 statuimus

414 1920 443 1947 et
467 1914 657 1947 ordinamus.

458 1968 472 2010 ἓ
496 1967 546 1999 12.
574 1968 611 2000 Ut
635 1978 709 1999 xero
740 1968 832 2000 huius
862 1968 985 2010 collegii
1010 1968 1150 2010 alumni,

358 2037 372 2047 «ι
387 2035 398 2043 ’-
413 2025 483 2063 post
514 2022 626 2063 longos
658 2021 856 2063 studiorum,
882 2026 934 2053 aut
967 2027 1150 2065 coeptorum

241 2062 303 2101 neni·
328 2090 399 2101 uuo>
414 2079 467 2106 aut
483 2080 783 2116 consummatorum,
799 2075 931 2114 labores,
945 2075 1151 2118 expeditiores

275 2115 280 2127 ’
414 2133 444 2159 et
466 2128 635 2160 alacriores
648 2127 685 2159 ad
704 2127 951 2160 succurrendum
970 2128 1088 2170 patritie
1103 2139 1152 2161 ne-

415 2181 609 2214 cessitatibus
622 2182 804 2221 reddantur,
825 2181 940 2214 eisdem
961 2182 1105 2221 alumnis,
1119 2188 1151 2215 ut

415 2247 485 2268 cum
505 2236 578 2269 solis
596 2236 705 2269 litteris
724 2235 983 2268 testinionialilnis
1001 2235 1074 2268 dicti
1093 2236 1152 2268 col-

414 2289 487 2332 legii
512 2289 643 2322 rectoris
664 2300 723 2332 pro
748 2294 890 2331 tempore
916 2288 1073 2320 existentis
1098 2289 1150 2320 ab·

413 2342 475 2374 bati
501 2342 647 2374 Fuldensi
672 2341 862 2383 offerendis,
889 2352 924 2373 ac
949 2341 1015 2373 cius
1048 2342 1150 2384 sigillo

413 2395 589 2427 muniendis
604 2394 675 2438 (nisi
690 2395 769 2427 forte
786 2394 903 2426 alumni
915 2394 1065 2437 praedicti
1079 2405 1151 2427 suos

413 2449 593 2481 tlrdinarios
608 2448 783 2487 habuerint,
800 2447 943 2490 aquibus
959 2448 1151 2481 dimissorias

413 2512 429 2533 a
441 2501 578 2535 Concilio
587 2501 768 2534 Tridentino
782 2500 940 2533 ordinatas
953 2501 1071 2533 habere
1085 2512 1152 2544 pos-

415 2555 497 2597 sint),
516 2555 552 2585 :ul
571 2566 678 2586 onmes
698 2555 788 2587 rtiztin
813 2565 918 2587 sacros
939 2559 965 2586 et
988 2555 1150 2599 preshyte-

416 2611 500 2641 ratus
535 2608 661 2641 ordines
692 2609 756 2641 sine
787 2608 891 2651 aliquo
928 2608 1071 2641 beneticii
1103 2609 1150 2641 rel

286 1975 396 1996 runt-1:511

1011 215 1190 239 BULLARIUM
1214 216 1299 239 ROMA
1304 217 1368 240 NUM

1949 217 1999 244 An.
2018 217 2046 245 C.
2064 218 2131 246 1628

1194 263 1376 306 patrimonii
1400 264 1500 304 titulo,
1514 265 1607 297 etiam
1624 269 1710 298 extra
1730 270 1876 309 tempora
1895 265 1934 298 ad

1195 316 1223 348 id
1249 327 1266 349 a
1290 317 1358 349 iure
1382 321 1504 358 statuta,
1530 323 1559 350 et
1584 318 1665 350 intra
1691 329 1819 359 annum,
1843 319 1931 351 anni-

1193 380 1253 413 que
1281 370 1440 404 curriculo
1465 381 1527 404 non
1552 376 1735 414 expectato,
1765 371 1930 415 minusque

1193 423 1322 456 servatis
1347 423 1385 456 ad
1410 424 1440 457 id
1457 435 1475 457 a
1493 425 1631 458 Concilio
1649 425 1831 458 Tridentino
1848 436 1933 469 prae-

1193 476 1275 509 dicto
1300 477 1469 519 designatis
1494 477 1675 520 interstitiis,
1698 478 1870 512 dummodo
1894 479 1932 511 ad

1193 530 1221 562 id
1239 530 1314 562 alias
1330 531 1529 574 reperiantur
1546 531 1659 574 idonei,
1679 532 1872 575 promoveri,
1891 537 1931 573 et,

1192 587 1357 627 postquam
1383 584 1520 627 promoti
1544 584 1670 625 fuerint,
1696 585 1728 617 in
1752 585 1813 618 illis
1838 585 1931 617 etiam

1192 636 1222 668 in
1246 637 1352 670 altaris
1377 637 1552 670 ministerio
1575 638 1764 679 ministrare,
1785 649 1821 671 ac
1838 638 1929 671 etiam

1192 694 1252 723 tam
1278 690 1337 734 ipsi
1363 701 1456 734 quam
1477 690 1572 723 ceteri
1590 701 1698 724 omnes
1720 691 1751 723 in
1767 692 1849 725 dicto
1867 693 1931 725 col-

1191 744 1272 786 legio
1297 744 1455 787 degentes,
1480 749 1514 776 ut
1538 744 1748 777 Poenitentiae
1765 750 1794 777 et
1811 745 1931 778 Eucha-

1191 797 1305 837 ristiae,
1331 797 1423 830 etiam
1450 798 1481 829 in
1505 797 1555 830 die
1579 797 1747 840 Paschatis,
1768 803 1799 831 et
1822 799 1930 831 Extre—

1191 861 1257 883 mae
1283 851 1444 884 Unctionis
1469 856 1664 883 sacramenta
1692 861 1709 883 a
1740 851 1930 884 confessario

1190 909 1241 936 aut
1266 904 1327 937 alio
1352 904 1513 937 sacerdote
1538 903 1635 947 ipsius
1660 904 1784 946 collegii
1809 914 1826 936 a
1845 904 1930 938 dicto

1191 962 1311 990 rectore
1336 957 1554 990 constituendo
1585 957 1744 1000 suscipere
1775 957 1873 990 libere
1898 963 1928 990 et

1190 1010 1272 1043 licite
1296 1011 1428 1051 valeant,
1453 1011 1637 1044 auctoritate
1657 1016 1686 1043 et
1704 1014 1812 1044 tenore
1836 1021 1928 1054 prae-

1190 1063 1292 1096 missis
1315 1063 1353 1096 de
1377 1064 1505 1107 speciali
1530 1064 1631 1106 gratia
1656 1063 1865 1106 indulgemus.

1233 1117 1247 1160 g
1264 1116 1315 1150 13.
1335 1117 1460 1159 Verum,
1483 1122 1525 1159 ut,
1542 1122 1693 1160 quantum
1711 1117 1780 1150 fieri
1800 1117 1927 1161 poterit,
1970 1125 2054 1146 Necnon
2064 1126 2083 1146 in
2093 1132 2127 1148 oc-

1943 1153 2076 1173 currentibus
2090 1153 2128 1174 he-

1188 1169 1342 1203 (lictorum
1364 1171 1563 1203 alumnorum
1578 1169 1755 1213 paupertati
1772 1175 1803 1202 et
1818 1180 1927 1203 neces·
1942 1179 2065 1226 rcigffiigirffl
2087 1185 2128 1227 νζ

1188 1222 1268 1256 sitati
1293 1227 1506 1263 succurratur,
1523 1223 1605 1255 serio
1626 1223 1817 1266 requirimus
1834 1227 1926 1267 atque
1942 1233 2074 1267 prqvnicns,
2102 1239 2127 1263 ως

1189 1286 1352 1308 monemus
1387 1276 1642 1320 archiepiscopos
1658 1303 1665 1317 ,
1701 1275 1866 1320 episcopos
1898 1280 1926 1309 et
1943 1259 2127 1306 ffssiiissiinffmmm

1187 1329 1264 1362 alios
1288 1329 1513 1363 antedictarum
1539 1329 1775 1373 provinciarum
1807 1329 1925 1362 benefi-

1187 1382 1309 1415 ciorum
1326 1383 1610 1416 ecclesiasticorum
1628 1383 1794 1416 collatores
1816 1387 1845 1415 et
1862 1383 1924 1415 col-

1189 1435 1321 1476 latrices,
1346 1440 1378 1467 ut
1404 1435 1435 1467 in
1460 1435 1520 1468 illis
1545 1435 1753 1476 conserendis,
1780 1439 1809 1469 ct
1833 1445 1926 1478 prae-

1187 1489 1295 1521 sertim
1309 1489 1333 1521 si
1348 1489 1500 1521 beneficia
1513 1488 1693 1521 huiusmodi
1707 1499 1766 1532 pro
1784 1493 1928 1533 tempore

1187 1542 1400 1576 obtinentibus
1432 1542 1593 1574 immineat
1623 1552 1699 1575 cura
1728 1542 1926 1582 animarum,

1187 1595 1329 1628 alumnos
1354 1595 1509 1638 praefatos
1534 1595 1602 1627 aliis
1627 1594 1789 1637 omnibus,
1815 1595 1927 1628 ceteris

1187 1648 1324 1691 paribus,
1343 1648 1537 1692 praeferant:
1556 1648 1682 1681 nuntios
1699 1659 1824 1692 quoque
1840 1648 1928 1682 Sedis

1187 1702 1405 1745 Apostolicae,
1431 1703 1571 1746 aliosque
1595 1702 1752 1745 praelatos
1777 1702 1923 1745 supradi—

1187 1761 1307 1788 ctarum
1325 1756 1569 1799 provinciarum,
1591 1756 1622 1788 in
1642 1766 1778 1799 quorum
1790 1755 1925 1788 dioecesi

1187 1808 1303 1840 alumni
1328 1808 1459 1852 praefati
1477 1808 1645 1849 extiterint,
1663 1812 1696 1842 ut
1713 1808 1744 1841 in
1762 1818 1927 1842 occurren-

1187 1863 1269 1895 tibus
1287 1862 1512 1895 beneficiorum
1535 1856 1716 1895 huiusmodi
1734 1867 1763 1895 et
1781 1872 1926 1905 praeser-

1187 1916 1240 1948 tim
1266 1926 1373 1948 curam
1399 1915 1576 1948 animarum
1593 1915 1779 1948 habentium
1797 1915 1927 1949 vacatio-

1186 1969 1288 2008 nibus,
1306 1979 1441 2012 quorum
1462 1969 1597 2010 collatio,
1610 1969 1748 2012 provisio
1761 1969 1809 2001 vel
1822 1968 1926 2012 dispo-

1186 2021 1256 2054 sitio
1268 2033 1395 2065 quoquo
1412 2022 1506 2055 modo
1527 2022 1566 2054 ad
1587 2021 1698 2054 Sedem
1716 2021 1924 2064 Apostolicam

1186 2076 1393 2118 pertinuerit,
1425 2076 1463 2108 de
1501 2076 1561 2107 illis
1596 2075 1730 2107 alumnis
1762 2074 1925 2108 antedictis

1186 2129 1388 2172 pauperibus,
1399 2129 1629 2172 praecipueque
1642 2130 1749 2161 nostra
1763 2128 1924 2171 pontificia

1186 2182 1286 2222 gratia
1306 2182 1418 2224 dignis,
1439 2192 1496 2214 nos
1520 2192 1782 2224 successoresque
1800 2187 1925 2214 nostros

1186 2236 1342 2268 Romanos
1367 2235 1534 2267 Pontifices
1550 2245 1608 2278 pro
1627 2240 1767 2278 tempore
1781 2234 1925 2267 similiter

1186 2288 1352 2321 existentes
1377 2288 1527 2321 certiores
1551 2288 1674 2329 saciant,
1691 2293 1724 2320 ut
1741 2287 1924 2321 munificen-

1187 2342 1259 2373 tiam
1280 2347 1418 2374 nostram
1442 2352 1517 2384 erga
1532 2342 1610 2382 illos,
1629 2347 1724 2385 prout
1739 2346 1862 2385 tempus
1876 2341 1923 2374 vel

1185 2394 1308 2427 occasio
1333 2394 1448 2435 tulerit,
1474 2406 1622 2427 exercere
1640 2395 1813 2439 possimus:
1828 2399 1858 2427 et
1874 2405 1924 2438 ge-

1185 2448 1331 2481 neraliter
1362 2448 1392 2480 in
1425 2448 1648 2491 dignitatibus,
1682 2448 1922 2492 personatibus,

1185 2501 1418 2535 canonicatibus
1432 2507 1457 2534 et
1474 2503 1671 2545 praebendis,
1689 2501 1922 2547 parochialibus

1185 2555 1332 2595 eeclesiis,
1344 2558 1373 2588 et
1386 2555 1454 2587 aliis
1467 2555 1627 2589 beneficiis
1637 2555 1854 2589 ecclesiasticis
1866 2565 1923 2599 per

1185 2608 1382 2642 collationem
1410 2610 1455 2641 rel
1475 2610 1660 2643 electionem
1678 2610 1709 2642 in
1723 2610 1922 2642 alumnorum
