2248 3229
234 245 281 275 An.
293 245 321 277 C.
345 247 411 276 1633

296 1165 418 1186 Mandatum

234 1192 260 1211 de
269 1197 276 1210 x
283 1192 373 1213 isitatori
381 1197 419 1219 pa-

235 1218 305 1240 tend0.

271 1752 370 1772 Graiium
386 1757 421 1772 ne-

237 1779 297 1803 gocia
308 1779 334 1798 ad
345 1779 421 1799 Sedrm

238 1806 421 1830 Apostolicamdc-

237 1832 331 1853 serenda.

291 2178 422 2200 Obstantium

238 2205 357 2231 itero-gatto.

423 615 509 648 'iuris
530 620 560 648 et
576 614 647 648 sacti
672 613 810 647 remedia
830 618 922 657 cogat
946 620 975 647 et
995 614 1171 659 compellat,

457 238 521 273 340
1013 244 1189 269 semanimi

431 306 567 340 cumque
592 295 661 329 illae
686 293 868 334 exciderint,
893 292 995 326 modis
1021 293 1189 335 congruis·

430 349 574 382 restituat
598 353 627 381 et
651 347 840 390 reintegret,
858 346 1003 391 ipsasque
1020 355 1170 390 personas

431 402 468 435 ad
493 401 633 434 debitum
665 406 694 434 et
723 401 890 434 honestum
926 400 1005 432 vitae
1041 399 1170 433 modum

430 460 564 497 revocet,
590 458 628 497 et,
654 454 805 499 quidquid
830 453 972 488 statuerit
996 458 1026 486 et
1050 453 1172 487 ordina·

431 508 520 549 verit,
534 507 694 541 observari
708 507 809 548 faciat,
824 506 1101 551 inobedientesque
1115 517 1171 551 per

432 571 578 595 censuras
602 560 837 603 ecclesiasticas,
855 560 978 604 aliaque
991 566 1171 605 opportuna

432 669 554 713 aliaque
579 668 610 701 in
633 668 815 713 praemissis
840 672 870 702 et
893 668 977 702 circa
1001 678 1036 702 ea
1065 678 1172 701 neces·

432 722 513 755 saria
540 721 777 766 quomodolibet
801 726 830 755 et
854 726 1034 766 opportuna
1058 722 1170 763 saciat,

431 780 521 819 gerat
536 780 566 808 et
582 780 765 820 exequatur,
783 785 879 819 super
892 775 1008 819 quibus
1025 775 1171 809 omnibus

432 835 462 862 et
486 828 617 872 singulis
641 829 783 873 plenam,
813 829 945 862 liberam
980 826 1010 862 et
1034 830 1170 874 amplam

431 882 590 916 licentiam
611 886 642 916 et
665 882 844 917 facultatem
860 882 929 916 viro
949 883 1171 924 ecclesiastico,

431 947 489 981 per
514 942 553 977 te,
573 941 607 969 ut
631 937 818 981 praefertur,
843 937 1028 981 delegando,
1053 947 1168 971 conce-

434 990 536 1033 dendi,
553 990 739 1024 auctoritate
762 991 934 1034 praedicta,
951 996 1061 1023 tenore
1085 1001 1173 1034 prae-

432 1044 590 1085 sentium,
615 1044 792 1077 facultatem
825 1043 879 1076 tibi
910 1043 1112 1077 concedimus
1143 1048 1173 1076 et

433 1097 643 1141 impertimur.

478 1151 493 1195 ξ
517 1151 546 1184 ΕΖ.
571 1150 751 1184 Mandantes
775 1155 944 1194 propterea
975 1149 1120 1183 omnibus
1144 1154 1174 1182 et

434 1205 576 1249 singulm,
596 1205 635 1238 ad
659 1215 738 1249 quos
763 1209 891 1248 spectat,
908 1209 942 1237 ut
959 1204 1003 1236 illi
1023 1204 1055 1237 in
1075 1204 1174 1238 omni-

433 1259 494 1292 bus
519 1259 707 1303 supradictis
731 1263 876 1303 pareant,
905 1258 1027 1291 faveant
1051 1263 1081 1291 et
1104 1258 1174 1291 obe-

433 1303 539 1355 diant,
567 1312 697 1355 eiusque
728 1311 865 1345 salubria
888 1311 1006 1345 monita
1031 1315 1060 1345 et
1085 1321 1173 1344 man-

434 1365 504 1398 data
541 1365 713 1409 suscipiant
752 1365 915 1398 humiliter
947 1371 976 1398 et
1007 1365 1175 1399 efficaciter

434 1419 607 1463 adimplere
619 1423 807 1462 procurent:
826 1418 965 1463 alioquin
979 1413 1174 1459 sententiam,

434 1473 497 1505 sive
522 1483 667 1516 poenam,
691 1483 785 1516 quam
810 1473 877 1517 ipse
902 1473 960 1506 rite
986 1472 1093 1506 tulerit
1120 1483 1175 1505 seu

434 1527 576 1559 statuerit
599 1526 630 1558 in
656 1526 798 1569 rebelles,
816 1531 917 1559 ratam
942 1526 1128 1559 habebimus
1146 1530 1175 1559 et

434 1579 594 1620 faciemus,
620 1583 747 1613 auctore
772 1580 915 1621 Domino,
940 1590 1039 1624 usque
1064 1579 1102 1612 ad
1127 1589 1174 1613 sa-

434 1633 641 1667 tisfactionem
666 1633 854 1677 condignam
879 1632 1100 1667 inviolabiliter
1124 1633 1176 1666 ob-

435 1687 563 1720 servari

481 1742 495 1785 ξ
519 1742 548 1775 3,
575 1742 725 1775 Volumus
749 1747 863 1783 autem,
893 1746 927 1774 ut
951 1741 975 1774 si
1001 1740 1083 1784 qua'
1108 1751 1176 1784 gra-

436 1794 522 1828 viora
547 1795 579 1827 in
602 1795 783 1827 huiusmodi
812 1794 987 1827 visitatione
1012 1794 1175 1838 repererit,

437 1849 490 1881 illa
516 1858 638 1881 necnon
671 1848 907 1881 informationes
931 1858 1040 1881 omnes
1066 1848 1097 1880 in
1121 1848 1176 1881 liu-

437 1902 572 1935 iusmodi
596 1902 770 1935 visitatione
795 1902 963 1935 sumendas
987 1902 1044 1934 sub
1063 1912 1118 1935 suo
1135 1902 1176 1935 si-

437 1955 513 1998 gillo
538 1955 673 1988 munitas
694 1954 739 1987 .ad
764 1965 820 1988 nos
846 1955 1081 1999 quamprimum
1106 1955 1175 1987 dili-

438 2013 547 2050 genter
560 2008 759 2047 transmittat,
772 2012 806 2042 ut
819 2008 902 2051 quod
920 2009 951 2040 in
969 2008 1029 2040 illis
1042 2013 1177 2041 statuen-

437 2062 511 2094 dum
537 2061 594 2103 sit,
619 2064 740 2095 matura
767 2062 995 2096 consultatione
1019 2062 1175 2103 adhibita,

437 2115 651 2148 decernamus.

482 2169 497 2212 g
521 2169 550 2201 (i.
571 2170 638 2202 Non
659 2169 865 2212 obstantibus,
884 2169 1074 2213 apostolicis,
1092 2178 1128 2202 ac
1145 2169 1176 2201 in

438 2223 676 2265 universalibus,
705 2224 1012 2268 provincialiluisque
1037 2228 1065 2258 et
1090 2234 1177 2269 syno-

437 2278 560 2311 dalibus
576 2278 717 2311 conciliis
734 2278 824 2311 editis
838 2278 1036 2322 generalibus
1050 2278 1096 2311 vel
1112 2288 1177 2322 spe.-

438 2331 569 2365 cialibus
581 2332 856 2365 constitutionibus
874 2336 901 2364 et
917 2331 1175 2373 ordinationibus,

436 2396 559 2419 necnon
584 2385 766 2418 monasterii
791 2391 822 2419 et
845 2385 970 2419 Ordinis
999 2385 1175 2429 praedicto-

438 2450 518 2480 rum,
534 2439 626 2472 etiam
646 2439 832 2479 iuramento,
851 2439 1090 2473 confirmatione
1106 2450 1177 2483 apo-

438 2493 559 2533 stolica,
577 2493 623 2525 vel
642 2492 750 2536 quavis
767 2493 914 2526 firmitate
931 2493 991 2526 alisi
1009 2493 1175 2533 roboratis,

439 2547 560 2579 statutis
573 2552 601 2579 et
616 2546 904 2589 consuetudinibus,
917 2546 1089 2591 privilegiis
1102 2557 1176 2590 quo-

477 2661 487 2687 1
506 2660 576 2688 Edit.
592 2661 671 2688 lllain.
687 2661 752 2696 legit
766 2670 840 2697 quae
854 2662 894 2697 (n.
906 2662 953 2696 12).

1214 244 1367 269 nonanun

1205 304 1274 337 que,
1294 292 1422 327 indultis
1446 296 1476 325 et
1499 293 1611 326 litteris
1634 294 1824 339 apostolicis,
1842 294 1944 329 eidem

1205 346 1398 380 monasterio
1423 346 1568 390 illiusque
1593 348 1809 391 superioribus
1826 353 1856 382 et
1876 348 1944 382 aliis

1204 399 1348 443 personis
1362 400 1393 432 in
1407 400 1599 434 contrarium
1611 400 1856 445 praemissorum
1870 413 1945 447 quo·

1205 453 1378 487 modolibet
1401 454 1575 495 concessis,
1601 454 1808 496 confirmatis,
1832 466 1944 500 appro-

1204 507 1284 541 batis
1304 512 1334 541 et
1358 507 1528 548 innovatis,
1546 507 1659 552 quibus
1676 507 1821 541 omnibus
1837 513 1867 542 et
1885 509 1945 543 sin-

1205 560 1309 604 gulis,
1334 560 1460 594 illorum
1488 566 1614 595 tenores
1641 561 1859 606 praesentibus
1885 573 1945 607 pro

1206 613 1359 658 expressis
1384 624 1419 647 ac
1443 614 1482 648 de
1506 614 1603 648 verbo
1631 615 1669 648 ad
1693 615 1827 649 verbum
1851 615 1946 650 inser-

1205 667 1244 700 tis
1268 666 1439 709 habentes,
1472 667 1533 701 illis
1567 668 1642 701 alias
1676 668 1709 701 in
1741 679 1798 703 suo
1829 668 1946 703 robore

1204 720 1434 764 permansuris,
1452 720 1489 753 ad
1512 721 1761 765 praemissorum
1782 721 1944 764 effectum,

1205 773 1263 806 hac
1280 773 1346 806 vice
1366 770 1527 808 fflimlaxat
1551 774 1727 818 specialiter
1744 780 1775 808 et
1798 785 1946 820 expresse

1205 827 1396 871 derogamus
1404 838 1412 869 3
1435 827 1610 872 ceterisque
1627 828 1794 862 contrariis
1817 829 1946 873 quibus-

1206 891 1351 924 cumque.

1249 935 1361 968 Datum
1385 935 1513 978 Romae,
1536 936 1621 980 apud
1645 936 1673 969 S.
1697 935 1826 969 Mariam
1850 936 1946 971 Maio-

1206 1000 1284 1032 rem,
1304 990 1362 1024 sub
1376 991 1492 1025 annulo
1508 990 1684 1033 PiscatoriS,
1701 990 1751 1023 die
1765 1000 1821 1024 vm
1837 991 1945 1036 aprilis

1206 1055 1382 1088 iincxxxln,
1399 1045 1600 1089 pontificatus
1616 1045 1716 1078 nostri
1736 1055 1818 1079 anno
1834 1055 1864 1078 x.

1242 1107 1301 1137 Dat.
1319 1108 1361 1137 die
1377 1108 1392 1136 8
1408 1107 1502 1145 aprilis
1515 1107 1594 1143 1633,
1610 1107 1703 1144 pontif.
1722 1115 1792 1137 anno
1806 1115 1833 1136 x.

1503 1251 1655 1284 CDLXlll.

1210 1331 1422 1374 Confirmatio
1432 1332 1669 1365 noimullorum
1679 1331 1878 1365 decretorum
1889 1342 1949 1375 pro

1252 1385 1526 1427 puber-natorz'bus
1562 1385 1676 1418 domus
1712 1389 1741 1418 et
1777 1385 1949 1428 hospitalis

1252 1437 1534 1471 Amzunciatiom's
1559 1438 1598 1471 B.
1626 1438 1671 1471 M.
1703 1437 1736 1471 V.
1760 1437 1950 1482 Neapolita-

1252 1490 1347 1523 nae¹.

1412 1571 1548 1598 Urbanus
1568 1571 1646 1605 Papa
1665 1571 1751 1604 vm,

1352 1615 1389 1641 ad
1409 1615 1543 1642 futuram
1562 1614 1606 1642 rei
1626 1615 1807 1643 memoriam.

1254 1686 1411 1719 Militantis
1428 1686 1585 1719 Ecclesiae
1604 1686 1751 1729 regimini
1771 1686 1875 1720 divina
1892 1687 1951 1722 dis-

1209 1739 1363 1783 positione
1380 1739 1604 1783 praesidentes,
1619 1750 1663 1782 ea,
1679 1750 1758 1784 quae
1771 1751 1831 1784 pro
1847 1740 1951 1785 hospi-

1211 1794 1318 1826 talium
1344 1793 1547 1826 indemnitate
1570 1793 1701 1837 provide
1723 1797 1836 1828 statuta
1855 1794 1950 1828 fuisse

1210 1847 1367 1888 dicuntur,
1388 1852 1421 1879 ut
1446 1847 1538 1879 firma
1556 1852 1584 1879 et
1601 1846 1718 1881 illibata
1734 1852 1888 1891 perpetuo
1905 1858 1952 1882 re-

1211 1906 1365 1942 maneant,
1390 1900 1580 1944 apostolicae
1599 1905 1725 1934 nostrae
1742 1901 1952 1936 confirmatio-

1210 1955 1258 1987 nis
1283 1954 1399 1988 robore
1423 1954 1557 1987 libenter
1581 1955 1832 1996 communimus,
1856 1961 1952 1999 prout

1210 2008 1421 2052 conspicimus
1445 2008 1476 2040 in
1501 2008 1634 2042 Domino
1663 2008 1830 2042 salubriter
1855 2018 1948 2054 expe·

1211 2062 1287 2095 dire.

1254 2116 1269 2160 g
1294 2116 1322 2148 1.
1348 2116 1468 2160 Exponi
1493 2114 1647 2159 siquidem
1671 2115 1762 2149 nobis
1782 2126 1884 2160 nuper
1904 2117 1948 2151 se-

1211 2174 1321 2202 cerunt
1345 2169 1448 2203 dilecti
1473 2169 1528 2201 filii
1554 2169 1697 2202 moderni
1722 2169 1949 2213 gubernatores

1211 2276 1457 2321 Neapolitanae‘2,
1468 2277 1551 2321 quod
1565 2277 1621 2321 ipsi
1636 2277 1880 2319 considerantes,
1892 2288 1950 2322 per

1210 2331 1286 2363 alias
1310 2331 1548 2364 constitutiones
1573 2331 1612 2363 ab
1639 2341 1749 2364 eorum
1769 2331 1949 2375 praedeces-

1211 2384 1335 2417 soribus
1360 2385 1476 2425 saetas,
1501 2384 1584 2430 quod
1610 2385 1648 2418 de
1672 2395 1753 2419 anno
1781 2395 1949 2427 mnxcvm,

1211 2449 1360 2472 numerus
1389 2439 1566 2483 puellarum
1592 2439 1803 2484 expositarum
1821 2440 1950 2473 eatenus

1210 2492 1380 2533 crevisset,
1404 2497 1435 2525 ut
1462 2493 1511 2526 vix
1538 2493 1566 2525 in
1592 2493 1675 2526 dicta
1700 2493 1794 2526 domo
1820 2499 1950 2537 possent

1247 2574 1257 2599 1
1282 2573 1318 2600 Ex
1339 2573 1446 2609 Regest.
1468 2574 1494 2600 in
1514 2574 1614 2601 Secret.
1631 2574 1712 2601 Brev.

1245 2617 1260 2643 Ξ
1281 2618 1310 2644 In
1330 2618 1405 2654 seqq.
1427 2619 1544 2654 syntaxis
1566 2618 1756 2646 rectitudinem
1779 2626 1812 2646 ne
1835 2626 1950 2655 quaeras

1210 2661 1246 2697 (n.
1260 2662 1308 2696 T.).

1960 246 2008 275 An.
2021 247 2049 275 C.
2072 247 2140 275 1633

1992 1699 2131 1720 Prooemium.

1992 2125 2098 2152 Expositio
2111 2133 2149 2152 gu-

1964 2153 2098 2174 bernatorum
2112 2154 2149 2174 lio·

1964 2180 2050 2209 spitalis¹
2065 2181 2149 2201 Annuu-

1210 2223 1322 2257 domus
1336 2228 1365 2256 et
1378 2223 1542 2268 hospitalis
1553 2223 1810 2257 Annunciationis
1823 2224 1854 2257 B.
1867 2225 1904 2258 M.
1916 2225 1947 2258 V.
1965 2206 2148 2259 ⁰V¹5⁰¹3¹x³¹e⁵ais¹ifiiffll

1964 2264 2012 2279 nae.
