2221 3224
187 210 236 238 An.
254 211 284 238 C.
303 211 370 240 ¹628

190 1439 299 1460 Clausulas
312 1445 372 1466 prac-

189 1470 305 1487 serxativns
313 1470 332 1487 et
339 1467 373 1487 de·

189 1496 268 1513 cretum
289 1494 371 1514 irritans

190 1520 284 1546 apponit.

189 2129 297 2149 Contraria
311 2130 370 2150 tollit.

415 203 457 238 26

384 260 559 304 quirerent)
573 269 609 293 ac
625 259 729 293 datas¹
746 258 974 304 praesentibus,
988 269 1024 292 ac
1041 259 1065 292 si
1083 259 1121 292 de

384 314 480 346 verbo
498 314 536 346 ad
560 313 690 346 verbum
709 313 933 353 insererentur,
953 323 1011 356 pro
1029 312 1121 356 plene

385 371 414 400 et
438 367 628 399 sufficienter
646 366 800 409 expressis
823 365 932 397 haberi
957 366 1120 407 volumus,

385 420 555 452 dummodo
575 425 678 451 tamen
703 418 762 452 sint
778 418 810 450 in
827 429 896 458 usu,
914 423 943 450 et
963 419 1060 451 sacris
1076 429 1122 452 ca-

384 473 518 505 nonibus
533 477 563 504 et
576 471 703 504 Concilii
714 470 886 503 Tridentini
899 471 1041 513 decretis,
1051 482 1122 505 nec-

385 536 447 558 non
479 524 657 568 apostolicis
688 523 963 557 constitutionibus
991 529 1021 557 et
1048 524 1121 557 dicti

385 579 508 612 Ordinis
533 577 733 620 regularibus
757 577 904 611 institutis
935 588 999 611 non
1029 589 1122 621 repu-

384 635 488 674 gnent,
506 631 621 673 illaque
649 635 678 662 et
710 630 781 663 illae
804 630 954 663 hactenus
977 635 1122 663 revocata

385 689 415 715 et
439 688 611 723 revocatae,
629 693 664 715 ac
689 683 746 715 sub
772 682 929 726 aliquibus
953 683 1123 716 revocatio-

385 736 476 768 nibus
496 736 723 779 comprehensa
749 741 780 768 et
798 736 1043 779 comprehensae
1060 746 1122 769 non

385 790 455 830 sint,
476 789 648 833 apostolica
668 789 862 830 auctoritate,
881 790 1065 822 earumdem
1083 794 1123 822 te-

386 854 463 875 nore
474 842 484 859 ⁹
500 842 724 886 praesentium,
742 847 894 886 perpetuo
911 842 1123 886 approbamus

386 901 416 928 et
440 896 675 935 confirmamus,
692 895 817 938 illisque
840 900 1010 938 perpetuae
1035 901 1065 928 et
1082 895 1124 927 in-

386 948 538 983 violabilis
554 948 742 992 apostolicae
761 948 918 980 firmitatis
936 948 1033 980 robur
1050 948 1124 980 adii-

386 1002 507 1042 cimus,
531 1012 703 1044 omnesque
731 1005 761 1035 et
788 1001 928 1044 singulos
957 1006 1019 1033 tam
1046 1001 1124 1033 iuris

386 1066 479 1098 quam
504 1055 585 1096 sacti,
604 1059 635 1087 et
654 1064 925 1098 quarumcumque
949 1054 1125 1087 solemnita-

386 1114 452 1140 tum
468 1107 506 1140 de
526 1108 604 1151 iure,
618 1118 677 1140 usu
691 1111 720 1141 et
737 1107 970 1147 consuetudine,
985 1113 1037 1140 aut
1049 1107 1124 1140 alias

387 1161 624 1204 quomodolibet
648 1160 887 1203 requisiturum,
913 1171 948 1193 ac
972 1160 1003 1192 in
1033 1171 1124 1203 prae-

388 1214 491 1247 missis
516 1214 703 1246 emissarum
719 1240 726 1253 ,
754 1223 877 1245 necnon
908 1223 1125 1256 quoscumque

388 1268 464 1300 alios
489 1267 581 1299 etiam
606 1266 805 1310 quantumvis
829 1266 1045 1299 substantiales
1072 1266 1125 1298 de-

388 1323 496 1362 sectus,
513 1321 538 1353 si
556 1320 609 1363 qui
627 1320 763 1363 desuper
779 1319 1017 1363 quomodolibet
1032 1319 1125 1352 inter-

388 1374 540 1413 venerint,
565 1373 648 1406 dicta
672 1373 857 1406 auctoritate
883 1373 1073 1415 supplemus.

432 1427 485 1471 ιξζι.
496 1427 704 1460 Decernentes
717 1426 840 1459 easdem
855 1430 1034 1469 praesentes
1047 1435 1125 1458 sem-

387 1491 443 1525 per
467 1486 496 1513 et
519 1485 672 1524 perpetuo
692 1478 809 1511 validas
834 1482 864 1512 et
891 1478 1032 1511 efficaces
1057 1488 1124 1511 esse

387 1540 417 1567 et
440 1534 516 1575 sore,
538 1542 673 1576 suosque
697 1532 857 1576 plenarios
875 1532 1002 1565 effeetus
1019 1531 1124 1564 sortiri

387 1593 417 1620 et.
434 1587 585 1627 obtinere,
604 1586 710 1629 sicque
727 1586 765 1618 ab
783 1585 929 1618 omnibus
947 1590 977 1618 et
994 1585 1125 1628 singulis

387 1640 528 1680 censeri,
550 1645 579 1672 ct.
603 1639 644 1671 ita
676 1649 733 1682 per
758 1649 974 1682 quoscumque
1005 1639 1124 1672 iudices

387 1693 562 1727 ordinarios
586 1699 613 1725 et
640 1693 813 1735 delegatos,
839 1692 932 1725 etiam
957 1703 1123 1725 causarum

386 1747 491 1791 palatii
521 1747 684 1790 apostolici
713 1746 892 1786 auditores,
917 1756 952 1778 ac
976 1746 1004 1779 S.
1031 1746 1065 1779 R.
1090 1746 1122 1778 E.

387 1801 569 1840 cardinales,
587 1800 680 1831 etiam
698 1800 735 1832 de
752 1800 849 1832 latere
865 1800 995 1842 legatos,
1013 1799 1125 1832 dictae—

387 1864 447 1897 que
465 1853 551 1886 Sedis
575 1853 711 1893 nuntios,
732 1852 864 1885 iudicari
881 1858 909 1885 et
931 1852 1054 1885 definiri
1073 1852 1124 1884 de-

386 1907 472 1946 bere,
493 1906 671 1939 ae-iri‘ituni
697 1911 726 1938 et
750 1906 842 1938 inane
861 1905 1010 1949 quicquid
1034 1916 1123 1938 secus

387 1970 480 2003 super
504 1959 551 1991 his
572 1969 588 1991 a
605 1969 774 2002 quoquam,
795 1959 904 2002 quavis
928 1958 1122 1999 auctoritate,

386 2013 520 2045 scienter
545 2012 592 2045 vel
616 2012 813 2054 ignoranter,
839 2012 1006 2055 contigerit
1029 2017 1124 2044 atten-

387 2066 454 2098 tari.

431 2120 446 2161 g
467 2118 494 2151 5.
524 2120 591 2151 Non
612 2118 807 2151 obstantibus
832 2119 1024 2162 praemissis,
1048 2129 1122 2151 nee-

386 2182 447 2204 non
465 2172 615 2215 praedicti
632 2172 780 2205 Bonil'acii
798 2173 898 2215 Papae
912 2172 987 2212 VIII,
1005 2172 1123 2214 pariter

387 2225 637 2269 praedecessoris
662 2225 771 2266 nostri,
796 2225 834 2257 de
858 2227 931 2265 una,
952 2224 1029 2257 etin
1054 2235 1124 2257 con-

386 2278 457 2310 eilio
483 2278 623 2321 generali
648 2278 730 2310 edita
754 2278 792 2310 de
816 2278 876 2310 alia
901 2278 1010 2318 dietis,
1035 2278 1123 2310 dum-

386 2331 479 2363 modo
505 2335 607 2364 tamen
631 2340 694 2363 non
718 2331 800 2363 ultra
829 2336 892 2363 tres
923 2330 1020 2363 dietas
1053 2331 1122 2374 quis

385 2384 493 2426 vigore
510 2384 721 2427 praesentium
741 2384 779 2416 ad
799 2383 950 2416 iudicium
971 2384 1121 2424 trahatur,

386 2437 515 2480 aliisque
529 2437 690 2480 quibusvis
704 2437 891 2480 apostolicis,
905 2437 995 2470 etiam
1010 2437 1041 2469 in
1053 2448 1123 2481 pro-

386 2490 578 2531 vincialibus,
595 2490 806 2534 synodalibus,
830 2490 1122 2534 universalibusque

422 2561 433 2586 1
448 2559 492 2586 Vel
503 2560 580 2586 (lata.
592 2560 709 2588 Erronee
721 2561 763 2588 ed.
774 2560 856 2587 Main.
868 2560 934 2596 legit
944 2561 1019 2588 datis
1031 2561 1120 2595 (am).

421 2606 436 2632 2
448 2604 512 2632 Male
522 2605 564 2632 ed.
575 2605 652 2633 Main.
662 2606 728 2642 legit
738 2606 913 2641 eorumdem,
926 2609 1023 2635 tenore
1031 2606 1120 2641 (R.T.).

968 211 1146 235 BULLARIUM
1170 210 1325 235 ROMANUM

1155 259 1294 291 conciliis
1311 258 1412 299 editis,
1425 259 1616 303 specialibus
1628 259 1676 293 vel
1693 259 1890 303 generalibus

1155 312 1428 346 constitutionibus
1453 318 1483 345 et
1498 313 1756 355 ordinationibus,
1769 323 1891 347 necnon

1155 365 1278 398 Ordinis
1302 365 1410 398 beatae
1433 367 1568 407 Mariae,
1593 367 1790 409 iuramento,
1816 377 1891 400 con-

1154 419 1331 452 firmatione
1348 420 1531 462 apostolica,
1549 420 1596 452 vel
1613 420 1722 464 quavis
1745 420 1891 454 firmitate

1155 472 1214 504 alia
1238 472 1404 512 roboratis,
1422 472 1544 505 statutis
1558 478 1587 505 et
1604 473 1891 513 consuetudinibus,

1155 524 1327 567 privilegiis
1344 535 1481 568 quoque,
1498 525 1624 557 indultis
1642 529 1672 557 et
1695 525 1806 558 litteris
1822 535 1893 568 apo-

1156 577 1283 617 stolicis,
1311 577 1355 609 illi
1375 577 1504 620 eiusque
1528 577 1743 621 superioribus
1767 583 1797 610 et
1820 588 1892 621 per-

1156 630 1250 670 sonis,
1268 629 1325 662 sub
1338 630 1589 673 quibuscumque
1606 630 1768 663 tenoribus
1785 635 1815 663 et
1834 631 1893 664 for-

1157 683 1225 723 mis,
1245 693 1281 715 ac
1295 693 1366 715 cum
1387 683 1547 726 quibusvis
1572 683 1664 716 etiam
1682 683 1894 726 derogatoria-

1157 746 1227 768 rum
1251 736 1479 778 derogatoriis,
1504 736 1635 779 aliisque
1665 736 1893 770 efficacioribus

1157 794 1186 821 et
1211 789 1434 821 efficacissimis
1454 800 1490 821 ac
1515 789 1647 822 insolitis
1672 789 1838 830 clausulis,
1855 790 1894 822 ii·-

1156 841 1385 885 ritantibusque
1410 846 1439 875 et
1463 842 1530 875 aliis
1554 842 1698 882 decretis,
1723 843 1754 875 in
1778 853 1894 885 genere

1157 895 1204 927 vel
1228 895 1259 927 in
1284 895 1396 938 specie,
1413 895 1505 928 etiam
1527 899 1614 929 motu
1630 896 1761 939 proprio
1778 899 1808 929 et
1824 906 1895 929 con-

1157 947 1363 987 sistorialiter,
1380 958 1415 981 ac
1440 948 1524 990 alias,
1545 948 1577 980 in
1601 948 1795 982 contrarium
1820 959 1894 992 quo-

1158 1000 1329 1033 modolibet
1353 1001 1518 1043 concessis,
1539 1001 1732 1034 confirmatis
1757 1006 1787 1034 et
1810 1002 1895 1035 inno-

1158 1052 1242 1093 vatis,
1259 1053 1373 1096 quibus
1386 1053 1542 1094 omnibus,
1557 1054 1679 1086 etiamsi
1696 1065 1754 1098 pro
1767 1054 1894 1087 illorum

1158 1107 1321 1141 sufficienti
1346 1107 1548 1150 derogatione
1573 1108 1610 1141 de
1635 1108 1695 1141 illis
1723 1118 1896 1152 eorumque

1159 1161 1230 1194 totis
1242 1161 1402 1194 tenoribus
1415 1162 1568 1205 specialis,
1582 1161 1738 1205 specifica,
1750 1172 1896 1205 expressa

1159 1218 1188 1246 et
1203 1209 1371 1255 individua,
1389 1225 1424 1247 ac
1446 1214 1484 1247 de
1501 1214 1600 1248 verbo
1617 1214 1655 1247 ad
1672 1214 1812 1255 verbum,
1832 1225 1895 1247 non

1159 1272 1263 1300 autem
1287 1278 1343 1311 per
1368 1268 1522 1301 clausulas
1548 1268 1710 1311 generales
1734 1268 1816 1301 idem
1841 1268 1896 1300 im-

1159 1325 1340 1364 portantes,
1366 1321 1483 1354 mentio
1507 1331 1562 1354 seu
1595 1321 1722 1364 quaevis
1754 1321 1814 1353 alia
1836 1331 1892 1354 ex-

1158 1373 1280 1417 pressio
1304 1373 1447 1406 habenda
1467 1378 1519 1408 aut
1538 1374 1641 1417 aliqua
1665 1374 1725 1406 alia
1744 1374 1895 1417 exquisita

1158 1427 1259 1459 forma
1282 1427 1321 1459 ad
1346 1427 1405 1459 hoc
1430 1426 1581 1458 servanda
1605 1427 1707 1466 soret,
1735 1426 1797 1459 illis
1820 1427 1896 1459 alias

1158 1480 1190 1512 in
1207 1491 1263 1513 suo
1280 1480 1396 1513 robore
1413 1480 1638 1523 permansuris,
1656 1480 1714 1512 hac
1727 1480 1794 1512 vice
1810 1480 1897 1512 dum-

1159 1538 1240 1566 taxat
1255 1533 1431 1577 specialiter
1455 1539 1483 1566 et
1509 1544 1654 1577 expresse
1675 1533 1799 1566 earum¹
1815 1533 1896 1566 serie

1158 1586 1308 1619 latissime
1332 1591 1362 1619 et
1384 1586 1566 1629 plenissime
1590 1586 1795 1629 derogamus,
1813 1590 1895 1619 cete-

1159 1641 1264 1682 risque
1289 1639 1443 1672 conlraris
1467 1639 1727 1682 quibuscumque.

1203 1693 1217 1736 ἕ
1242 1692 1270 1725 6.
1296 1693 1446 1725 Volumus
1471 1697 1586 1733 autem,
1604 1693 1688 1736 quod
1713 1693 1895 1726 earumdem

1158 1746 1368 1789 praesentium
1386 1746 1602 1790 transumptis,
1618 1746 1712 1779 etiam
1725 1746 1896 1790 impressis,

1159 1809 1315 1842 manuque
1335 1804 1364 1832 et
1381 1799 1484 1842 sigillo
1509 1810 1568 1843 pro
1593 1804 1736 1842 tempore
1761 1799 1896 1832 existen-

1159 1853 1197 1885 tis
1220 1852 1362 1895 magistri
1387 1853 1543 1895 generalis
1567 1853 1666 1896 ipsius
1683 1852 1806 1886 Ordinis
1825 1853 1898 1886 bea-

1158 1912 1207 1939 tae
1231 1906 1344 1938 Mariae
1380 1902 1434 1938 seu
1458 1906 1542 1938 illius
1574 1905 1682 1938 vicarii
1711 1905 1896 1949 subscriptis

1158 1965 1188 1992 et
1207 1959 1344 2000 munitis,
1363 1958 1471 1991 eadem
1496 1969 1627 2003 prorsus
1650 1958 1728 1991 sides
1752 1958 1898 1991 adhibea-

1159 2015 1218 2052 tur,
1234 2016 1298 2044 tam
1314 2011 1346 2043 in
1363 2011 1478 2044 iudicio
1494 2021 1588 2055 quam
1607 2015 1694 2044 extra
1713 2011 1800 2051 illud,
1817 2021 1897 2054 quae

1158 2065 1274 2098 eisdem
1292 2065 1509 2108 praesentibus
1527 2064 1738 2106 adhiberetur,
1754 2065 1778 2097 si
1795 2064 1897 2097 forent

1158 2118 1314 2151 exhibitae
1342 2118 1389 2150 vel
1413 2122 1565 2150 ostensae.

1202 2171 1216 2214 ἓ
1242 2172 1270 2204 7.
1297 2171 1355 2203 Per
1372 2170 1496 2204 easdem
1513 2175 1693 2214 praesentes
1710 2175 1814 2203 autem
1834 2181 1897 2204 non

1157 2224 1347 2256 intendimus
1365 2224 1526 2256 facultates
1546 2223 1620 2256 dicti
1640 2223 1783 2266 magistri
1807 2234 1898 2266 gene—

1156 2278 1249 2318 ralis,
1275 2278 1358 2311 eirca
1381 2278 1494 2310 fratres
1519 2277 1616 2320 ipsius
1641 2277 1766 2310 Ordinis
1789 2277 1897 2310 beatae

1155 2330 1269 2364 Mariae
1301 2331 1488 2363 reformatos
1519 2341 1574 2363 seu
1603 2331 1789 2364 recollectos
1816 2340 1896 2363 nun-

1156 2389 1296 2428 cupatos,
1314 2384 1345 2416 in
1370 2384 1475 2427 aliquo
1500 2383 1707 2428 approbare?

1200 2438 1214 2480 ξ
1234 2438 1262 2469 ὅ.
1280 2437 1363 2470 Nulli
1381 2447 1457 2480 ergo
1475 2437 1604 2471 omnino
1622 2437 1787 2470 hominum
1804 2437 1897 2470 liceat

1192 2518 1203 2543 1
1222 2516 1363 2543 videretur
1377 2516 1410 2543 de
1426 2524 1499 2544 more
1514 2516 1661 2552 legendum
1676 2517 1783 2544 harum
1794 2517 1834 2549 (R.
1846 2516 1895 2551 ⁵12).

1190 2561 1206 2587 2
1221 2562 1259 2588 An
1274 2562 1435 2596 approbare
1450 2561 1492 2589 vel
1508 2562 1662 2596 reprobare
1682 2560 1790 2595 legend.
1808 2560 1897 2588 iudica

1153 2608 1195 2641 (a.
1211 2605 1259 2640 T.).

1905 212 1955 241 An.
1971 212 2002 241 G.
2021 212 2088 240 1628

1948 1703 2096 1729 Transumpiis

1912 1729 1972 1750 tidem
1997 1729 2095 1750 adhiberi

1912 1755 2003 1777 mandat.

1931 2179 2053 2201 Facultates
2062 2185 2095 2206 ge-

1912 2207 1989 2226 neralis
2012 2207 2033 2226 in
2054 2206 2095 2227 fra-

1913 2235 1954 2253 ires
1963 2233 2095 2253 Resonnatos

1911 2264 1952 2279 non
1961 2259 2050 2280 intendit
2058 2264 2095 2286 ap·

1911 2285 2011 2312 probare.

1959 2444 2095 2466 Sanctionem
