2221 3224
165 171 215 199 An.
232 171 261 200 0.
284 172 351 200 1630
396 163 461 198 178

200 1139 293 1164 Dei-ogau
301 1143 350 1159 eor.-

167 1165 244 1186 trariis.

217 2314 363 2340 ‘rranzumpits

178 2343 236 2362 credi
253 2343 316 2362 iubet.

363 232 419 266 per
444 232 494 263 se,
519 222 567 255 vel
591 221 704 261 aliurn,
730 230 785 253 seu
809 220 896 262 alios,
921 224 1102 264 praesentes

364 276 499 316 litteras,
525 280 554 308 et
576 275 607 307 in
625 275 669 308 eis
693 278 838 306 contenta
867 283 1101 318 quaecumque,

364 329 416 361 ubi
442 333 471 363 et
495 328 619 372 quando
636 337 715 370 opus
731 327 836 367 suerit,
853 337 889 360 ac
905 327 1027 370 quoties
1044 337 1103 370 pro

363 386 452 424 parte
477 381 609 413 fratrum
628 379 893 412 Discalceatorum
924 378 1103 423 praedicto-

364 444 434 467 rum
461 432 577 466 suerint
603 431 765 475 requisiti,
795 431 977 465 solemniter
1000 432 1104 475 publi-

363 492 477 527 cantes,
503 486 611 528 eisque
631 485 662 517 in
688 484 870 528 praemissis
895 484 1030 518 efficacis
1054 484 1103 517 de-

363 539 511 572 fensionis
552 537 710 582 praesidio
752 537 952 578 assistentes,
991 537 1105 570 faciant

364 591 547 625 auctoritate
561 592 667 624 nostra
680 590 750 623 illos
763 590 1010 634 praemissorum
1022 600 1105 623 com-
1120 629 1122 634 y

364 644 457 677 modo
478 649 508 676 et
524 643 637 676 effectu
656 643 785 687 pacifice
810 643 872 675 srui
898 647 927 676 et
951 643 1102 686 gaudere,

364 708 426 732 non
443 697 658 741 permittentes
672 696 742 729 illos
757 696 892 742 desuper
903 707 920 729 a
933 707 1104 740 quoquam,

365 751 475 795 quavis
496 751 690 791 auctoritate,
711 750 947 793 quomodolibet
967 750 1104 783 indebite

364 804 535 844 molestari,
557 803 803 837 contradictores
829 803 986 848 quoslibet
1001 807 1031 837 et
1054 808 1123 836 re-⁶¹

364 858 462 890 belles
491 868 548 902 per
580 867 728 890 censuras
757 862 787 889 et
817 867 934 900 poenas
959 856 1105 890 ecclesia-

365 912 478 951 sticas,
508 911 630 954 aliaque
661 913 841 954 opportuna
865 910 943 942 iuris
973 915 1002 942 et
1032 910 1104 943 facti

365 965 514 1005 remedia,
540 964 746 1008 appellatione
771 964 1101 1007 postposita‚eotnpe-

366 1018 498 1060 scendo,
524 1018 668 1051 invocato
693 1017 787 1050 etiam
811 1017 850 1049 ad
875 1017 949 1057 1100,
975 1017 999 1049 51
1025 1027 1105 1060 opus

366 1072 470 1113 fuerit⁷
496 1071 611 1104 auxilio
636 1070 757 1103 bracliii
782 1069 940 1103 secularis.

411 1127 427 1168 ἕ
453 1125 481 1158 5.
507 1125 574 1157 Non
607 1123 802 1157 obstantibus
830 1123 928 1155 felicis
959 1122 1106 1156 reeorda-

367 1178 459 1212 tionis
484 1177 634 1211 Bonil'acii
654 1177 753 1220 Papae
772 1176 836 1208 Vlll
853 1175 1106 1219 praedecessoris

366 1231 466 1264 nostri
486 1231 523 1263 de
544 1232 616 1272 11113,
632 1230 705 1262 etin
719 1228 853 1262 00001110
870 1228 1010 1271 generali
1023 1228 1106 1260 edita

367 1284 405 1317 de
424 1285 544 1317 duabus
565 1283 665 1325 dietis,
681 1282 853 1316 dummodo
868 1282 949 1315 ultra
967 1286 1030 1314 tres
1046 1281 1108 1314 die-

367 1343 412 1371 tas
437 1338 550 1382 aliquis
575 1337 761 1370 auctoritate
784 1335 997 1380 praesentium
1013 1335 1044 1368 in
1065 1335 1108 1368 iu-

367 1391 483 1425 dicium
514 1401 577 1424 non
603 1391 766 1431 trahatur,
793 1389 924 1432 aliisque
956 1389 1107 1422 constitu-

368 1445 505 1478 tionibus
530 1450 559 1477 et
583 1443 835 1477 ordinationibus
856 1442 1046 1486 apostolicis⁷
1062 1428 1108 1482 ab,

368 1504 521 1544 quatenus
535 1497 716 1542 praemissis
731 1497 924 1536 adversetur,
939 1496 1109 1529 concordia

368 1553 537 1598 praedicta,
556 1561 678 1584 necnon
702 1550 775 1583 dieti
800 1549 935 1590 Ordinis,
953 1549 1047 1582 etiam
1065 1550 1110 1581 111-

368 1612 522 1644 ramento,
534 1604 775 1638 confirmatione
787 1604 959 1647 apostolica
979 1603 1025 1636 vel
1039 1613 1111 1646 qua—

370 1661 415 1694 vis
434 1660 585 1693 firmitate
599 1659 659 1691 alia
676 1657 844 1698 roboratis,
860 1657 983 1691 statutis
998 1661 1028 1689 et
1040 1667 1111 1689 con-

369 1713 596 1754 suetudinibus,
623 1711 798 1755 privilegiis
822 1721 962 1754 quoque,
983 1709 1110 1742 indultis

370 1771 400 1800 et
424 1766 535 1799 litteris
560 1764 750 1808 apostolicis,
777 1763 834 1796 sub
859 1763 1111 1806 quibuscumque

370 1826 479 1854 tenore
504 1824 533 1853 et
558 1819 677 1859 formis,
702 1828 736 1850 ac
754 1828 826 1850 cum
846 1817 1007 1860 quibusvis
1032 1817 1113 1849 clau-

372 1875 447 1908 sulis
471 1878 501 1906 et
525 1872 668 1912 decretis,
689 1872 720 1903 in
745 1870 938 1903 contrarium
963 1869 1113 1914 praemis-

372 1938 479 1961 sorum
489 1923 904 1970 quomodolibetconcessis,
918 1923 1113 1956 confirmatis
1129 1919 1130 1924 ’

373 1987 403 2014 01
427 1980 597 2019 innovatis,
619 1979 733 2022 quibus
753 1977 901 2010 omnibus
922 1982 952 2010 et
971 1977 1112 2019 singulis,

374 2035 500 2068 illorum
517 2039 641 2066 tenores
654 2032 873 2076 praesentibus
891 2041 948 2075 pro
962 2031 1116 2063 sufficien-

375 2094 422 2122 ter
446 2088 602 2132 expressis
626 2086 792 2126 habentes,
817 2085 878 2118 illis
902 2085 977 2118 alias
1002 2085 1033 2118 in
1058 2095 1114 2118 suo

375 2143 491 2176 robore
516 2140 749 2185 permansuris,
775 2139 833 2172 hac
858 2140 923 2172 vice
953 2139 1114 2172 dumtaxat

376 2197 554 2241 specialiter
579 2201 609 2228 et
633 2205 778 2238 expresse
803 2194 1007 2236 derogamusg
1033 2198 1115 2227 eete-

377 2252 483 2296 risque
508 2250 674 2284 contrariis
699 2250 961 2293 quibuscumque.

422 2308 436 2350 g
453 2307 482 2339 (3,
508 2306 659 2338 Yoluntus
677 2310 791 2344 autem,
806 2303 890 2347 quod
902 2302 1115 2347 praesentium

378 2359 582 2403 transumptis
596 2386 603 2399 ‚
625 2359 717 2393 etiam
744 2358 919 2402 impressis,
945 2367 1038 2390 11131111
1060 2350 1134 2388 ali-i

379 2413 467 2446 cuius
485 2413 598 2446 notarii
616 2412 733 2457 publici
754 2411 951 2455 subscriptis,
967 2415 997 2443 et
1013 2410 1117 2452 sigillo

378 2478 530 2510 personae
556 2467 585 2499 111
610 2467 760 2509 dignitate
778 2465 989 2499 ecclesiastica
1003 2463 1118 2497 consti-

379 2525 463 2552 tutae
487 2520 623 2557 munitis,
648 2520 756 2553 eadem
770 2529 900 2563 prorsus
912 2517 1028 2561 ubique
1042 2516 1118 2550 fides

380 2572 411 2605 in
436 2573 551 2605 iudicio
569 2578 597 2607 et
618 2578 703 2606 extra
729 2572 923 2614 adhibeatur,
941 2581 1020 2616 quae
1032 2580 1119 2616 prae-

953 171 1133 196 BIJLLARIUM
1154 171 1310 197 ROMANUM

1135 219 1274 253 sentibus
1290 219 1366 263 ipsis
1382 220 1602 262 adhiberetur,
1628 221 1653 254 si
1668 220 1771 255 forent
1791 220 1874 254 exhi-

1134 273 1218 306 bitae
1236 273 1284 306 vel
1309 277 1461 306 ostensae.
1642 306 1649 321 ς

1179 326 1443 377 DatummRomae,
1467 325 1552 370 apud
1576 326 1605 360 S.
1630 326 1758 360 Mariam
1783 327 1874 361 Maio-

1137 389 1214 420 rem,
1235 379 1292 412 sub
1306 379 1421 412 annulo
1447 378 1623 420 piscatoris,
1637 379 1687 412 die
1707 390 1726 413 v
1740 390 1876 414 novem-

1137 432 1203 465 bris
1217 442 1357 475 Mncxxx‚
1375 432 1576 476 pontificatus
1591 432 1690 466 nostri
1709 442 1790 466 anno
1807 442 1874 467 vm.

1173 495 1233 522 Dat.
1256 494 1299 522 die
1319 495 1335 522 5
1355 494 1509 522 novembris
1530 494 1608 526 1630,
1623 494 1714 530 pontif.
1732 503 1802 523 anno
1816 502 1875 522 vm.

1404 609 1597 644 CCCLXXXI.

1138 682 1239 726 Super
1255 680 1424 714 concordini
1449 682 1534 714 inter
1556 681 1722 725 praesules
1734 692 1790 716 seu
1813 683 1874 715 ad-

1181 735 1421 768 ministratores
1443 745 1481 768 eoe
1500 736 1579 776 una,
1602 745 1724 769 necnon
1746 746 1878 780 praepo·

1182 789 1259 822 sitos
1280 792 1309 821 et
1333 788 1503 821 canonicos
1517 798 1556 821 ex
1572 788 1652 830 alta,
1673 799 1710 822 ac
1732 789 1878 822 abbatem

1182 846 1210 875 et
1229 841 1399 874 monachos
1417 841 1566 874 ecclesiae
1585 840 1616 874 S.
1634 841 1802 875 Ambrosii
1817 841 1879 875 Me—

1183 895 1394 932 diolanensi&
1423 894 1643 929 cisterciensis
1670 893 1816 935 Ordinis,
1841 905 1880 929 ea:

1182 948 1311 992 reliqua
1332 948 1493 992 partibus.

1351 1019 1486 1046 Urbanus
1503 1019 1582 1053 Papa
1595 1019 1671 1053 VIII,

1257 1064 1292 1091 ad
1313 1067 1489 1098 perpetuam
1508 1064 1552 1091 rei
1572 1063 1753 1093 memoriam.

1184 1125 1295 1168 Gregis
1325 1125 1481 1158 Dominici
1513 1136 1589 1158 eura
1621 1136 1638 1158 a
1666 1126 1827 1161 Salvatore
1850 1131 1880 1161 et

1139 1178 1272 1212 Domino
1296 1183 1416 1219 nostro,
1440 1178 1494 1222 qui
1519 1178 1655 1211 011311135
1680 1183 1726 1212 051
1745 1184 1776 1213 01
1797 1180 1879 1213 1)0115

1140 1231 1234 1275 pacis,
1258 1221 1428 1266 hunfflitati
1451 1236 1588 1272 nostrae,
1613 1232 1700 1266 nullo
1723 1232 1796 1266 licet
1819 1243 1880 1267 me-

1140 1285 1275 1318 ritorum
1298 1289 1481 1318 nostrorum
1505 1284 1667 1328 suffragio,
1695 1285 1879 1327 commissa,

1140 1338 1292 1381 postulat,
1318 1342 1371 1378 ut,
1395 1337 1476 1370 inter
1501 1337 1703 1380 gravissimas
1727 1338 1881 1382 multipli-

1141 1401 1256 1434 cesque
1268 1390 1460 1435 apostolicae
1475 1391 1634 1424 servitutis
1647 1395 1759 1433 curas,
1768 1391 1799 1425 in
1812 1402 1881 1426 eam

1140 1443 1292 1487 peculiari
1316 1443 1526 1477 sollicitudine
1554 1443 1796 1486 incumbamus,
1820 1456 1883 1489 qua

1141 1497 1247 1530 litibus
1265 1500 1294 1531 et
1311 1496 1534 1530 controversiis
1554 1496 1635 1530 inter
1659 1497 1880 1532 christifideles

1141 1550 1306 1594 quoslihet,
1324 1550 1509 1594 praesertim
1527 1550 1732 1583 ecclesiarum
1756 1561 1883 1595 praesu-

1143 1605 1186 1637 les
1210 1609 1240 1637 et
1264 1604 1475 1637 cardinalatus
1499 1604 1620 1638 honore
1643 1604 1819 1647 fulgentes,
1846 1615 1883 1639 30

1142 1667 1293 1701 personas
1317 1657 1543 1690 ecclesiasticas
1567 1657 1724 1690 seculares
1745 1662 1775 1690 et
1792 1667 1883 1701 regu-

1143 1711 1224 1744 lares
1249 1710 1366 1744 exortis
1390 1715 1586 1755 opportunae
1603 1710 1821 1745 transactionis
1837 1722 1883 1745 re-

1144 1764 1247 1797 medio
1279 1764 1403 1797 obviam
1435 1764 1518 1804 itur,
1549 1769 1582 1796 ut
1611 1774 1766 1807 personae
1797 1764 1884 1808 ipsae

1144 1817 1384 1858 ecclesiastieae,
1409 1828 1488 1861 quae
1505 1817 1536 1849 in
1557 1821 1674 1850 sortem
1692 1817 1818 1851 Domini
1834 1828 1885 1851 vo-

1145 1876 1231 1904 catae
1254 1875 1335 1911 sunt,
1353 1870 1465 1903 divinis
1483 1870 1550 1903 eius
1570 1870 1729 1914 obsequiis
1749 1881 1885 1905 commo-

1145 1925 1214 1957 dius
1238 1924 1414 1957 deserviant
1445 1924 1476 1956 in
1512 1924 1674 1957 sanctitate
1705 1928 1736 1957 et
1767 1924 1885 1958 iustitia

1146 1989 1252 2012 eoram
1276 1978 1355 2022 ipso,
1372 1978 1474 2022 eique,
1492 1977 1619 2011 semotis
1635 1976 1738 2010 litium
1756 1977 1885 2021 impedi-

1147 2032 1269 2075 mentis,
1284 2031 1495 2075 tranquilliori
1508 2031 1619 2075 spiritu
1636 2030 1769 2064 reddant
1785 2031 1884 2064 abun-

1146 2086 1256 2119 danter
1280 2086 1400 2119 fructus
1424 2095 1515 2125 suos;
1539 2084 1623 2117 unde
1646 2084 1705 2126 his,
1722 2095 1801 2129 quae
1815 2095 1886 2129 pro-

1131 2145 1253 2183 ¹pterea
1278 2139 1355 2172 sacta
1380 2138 1476 2172 fuisse
1500 2138 1656 2180 dicuntur,
1681 2143 1715 2170 ut
1731 2140 1886 2182 perpetua

1147 2192 1271 2226 roboris
1296 2191 1452 2225 validitate
1469 2191 1648 2232 subsistant,
1665 2194 1695 2225 et
1711 2201 1728 2223 a
1743 2191 1887 2235 partibus

1131 2244 1222 2290 {ipsis
1246 2245 1468 2279 inviolabiliter
1491 2245 1707 2286 observentur,
1724 2245 1887 2290 apostolici

1148 2299 1331 2333 muniminis
1363 2299 1527 2332 adiicimus
1553 2299 1752 2340 firmitatem,
1777 2303 1887 2343 prout,

1149 2354 1243 2387 rebus
1268 2352 1412 2386 omnibus
1432 2354 1554 2386 matura
1572 2352 1800 2386 consultatione
1816 2362 1889 2396 pen-

1149 2408 1238 2448 satis,
1263 2407 1474 2451 conspicimus
1498 2406 1664 2440 salubriter
1695 2407 1727 2439 in
1754 2405 1886 2439 Domino

1150 2461 1308 2505 expedire.

1194 2516 1208 2559 ἓ
1232 2515 1261 2547 «1.
1287 2515 1362 2549 Cum
1388 2514 1512 2559 itaque,
1542 2514 1622 2548 sicut
1645 2512 1846 2557 accepimus,
1871 2523 1889 2546 a

1150 2569 1328 2614 quingentis
1346 2569 1435 2603 annis
1451 2573 1481 2603 et
1498 2568 1631 2614 amplius
1645 2567 1725 2602 inter
1738 2566 1889 2602 ecclesiae

1887 172 1937 199 An.
1953 172 1982 199 C.
2004 172 2072 201 1630

1921 1138 2061 1159 Prooemium.

1929 2518 2012 2540 Causae
2024 2516 2088 2538 huin·

1903 2543 2068 2569 constitutionis.
