2248 3229
211 235 391 263 .tn.t;.1637
439 227 502 261 608

408 284 608 317 incommodo
627 294 803 324 occurrere,
823 284 961 316 decernit
983 288 1012 318 et
1035 285 1152 317 consti-'

409 336 483 375 tuit,
510 342 542 369 ut
574 336 726 368 eiusmodi
756 336 962 380 pensionum,
989 347 1145 372 canonum

408 396 435 423 et
462 390 637 422 reddituum
663 390 946 423 ecclesiasticorum
969 402 1079 424 causae
1105 391 1146 423 iu-

408 444 529 476 dicibus
547 443 719 483 videantur,
737 443 853 487 absque
872 444 935 477 ullo
950 444 1053 477 iudicii
1072 449 1147 478 stre-

406 496 471 539 pitu
487 522 494 535 ,
519 495 583 528 sola
609 495 679 528 facti
710 496 837 528 veritate
868 496 1027 540 inspecta,
1053 497 1144 529 etiam

407 549 471 581 sine
496 554 636 582 actorum
663 549 841 593 scriptura,
866 550 890 582 si
921 550 959 583 ita
992 550 1146 583 iudicibus

407 601 560 634 videbitur
574 601 739 645 expedire,
753 603 940 646 praesertim
956 603 980 634 si
996 602 1145 642 redditus,

405 654 443 687 de
459 654 573 698 quibus
586 660 706 697 agetur,
722 656 859 699 quinque
877 666 1046 688 aureorum
1066 666 1146 688 sum-

406 717 487 740 mam
514 718 576 741 non
601 708 765 742 excedent:
798 713 826 743 et
851 709 891 741 ita
918 709 1144 750 terminentur,

404 772 440 793 ac
463 760 656 801 iudicentur,
682 762 734 805 qui
760 762 878 795 iudices
903 762 1052 805 debeant,
1079 763 1144 795 sine

405 814 508 857 aliqua
535 816 640 856 mora,
666 815 811 848 omnibus
843 815 920 848 iuris
945 820 974 849 et
999 815 1068 848 sacti
1098 826 1143 848 rc-

405 867 514 900 mediis
532 868 717 900 sententiam
738 868 778 900 ita
803 874 833 901 ut
856 869 1031 912 praefertur
1052 870 1143 901 latam

405 921 533 964 exequi,
559 931 651 965 quam
685 922 771 954 nullo
805 923 897 955 modo
930 923 1027 966 possit
1053 934 1146 967 quac-

404 986 539 1019 cumque
560 975 742 1019 interposita
771 981 799 1008 et
818 976 952 1009 admissa
977 977 1145 1020 appellatio

403 1028 586 1068 retardar63
611 1029 689 1062 adeo
718 1034 769 1070 ut,
795 1029 936 1072 quamvis
961 1029 1146 1073 simpliciter

403 1082 496 1116 suerit
520 1081 671 1122 admissa,
698 1082 890 1125 intelligatur
917 1088 1021 1115 tamen
1055 1083 1144 1116 tacite

403 1135 446 1168 illi
472 1135 572 1168 inesse
591 1134 738 1176 conditio,
754 1140 786 1167 ut
803 1135 952 1168 admissio
973 1145 1035 1167 non
1060 1135 1144 1167 ditt‘c-

403 1192 450 1222 rat
475 1188 727 1232 exequutionem.
756 1188 868 1220 lisdem
901 1188 992 1220 etiam
1020 1194 1047 1221 et
1075 1189 1143 1221 aliis

402 1241 588 1284 urgentibus
613 1241 786 1274 rationibus
812 1246 930 1274 motum
966 1242 1047 1274 idem
1073 1252 1144 1275 con-

403 1295 508 1328 cilium
535 1296 663 1335 statuit,
695 1300 727 1327 ut
761 1305 870 1327 causae
907 1294 1141 1328 devolutionum

402 1359 508 1381 rerum
542 1348 846 1392 emphyteuticarum
880 1354 910 1381 ct
942 1349 1003 1381 alio
1033 1348 1142 1392 quovis

403 1402 495 1435 modo
506 1401 749 1444 conductarum,
764 1402 1060 1446 quomodocumque
1074 1414 1142 1446 pro-

403 1461 560 1500 ponantur
585 1456 747 1489 devolutae
766 1462 792 1488 ct
811 1456 848 1488 ad
875 1456 1022 1489 ‹tm-ctesias
1043 1463 1070 1489 et
1093 1456 1142 1490 be-

401 1509 512 1542 neficia
538 1510 583 1542 vel
610 1509 799 1542 monasteria
825 1515 853 1541 ct
877 1509 936 1541 alia
957 1510 1025 1542 loca
1043 1510 1140 1542 eccle-

402 1561 524 1595 siastica
541 1562 605 1595 sive
622 1562 712 1595 aliter
729 1562 779 1606 pia
798 1572 951 1603 reversae,
971 1563 1141 1595 summarie

401 1620 632 1658 cognoscantur
668 1620 697 1648 et
732 1615 932 1648 decidantur:
963 1621 990 1648 et
1024 1616 1141 1649 iudices

401 1674 564 1702 teneantur
581 1670 708 1703 omnino
726 1669 909 1702 sententiam
928 1670 1049 1713 exequi,
1070 1680 1142 1713 qua-

401 1733 536 1766 cumque
561 1723 767 1766 appellatione
793 1723 973 1766 interposita
999 1733 1061 1756 non
1087 1723 1142 1755 ob-

401 1782 515 1816 stante,
540 1786 640 1819 quae,
667 1776 737 1809 licet
762 1776 856 1809 suerit
884 1776 1039 1816 admissa,
1065 1787 1139 1809 exc·

401 1829 582 1873 quutionem
613 1839 674 1862 non
704 1829 896 1872 suspendat,
929 1840 985 1862 nec
1018 1829 1138 1862 differat

401 1882 581 1915 missionem
600 1882 631 1914 in
656 1883 886 1926 possessionem
911 1882 1049 1915 eiusdem
1077 1893 1141 1914 sen-

400 1936 514 1968 tentiae
531 1935 734 1979 dispositione
756 1936 944 1968 satiendam:
963 1940 991 1968 et
1017 1947 1141 1979 semper

401 1989 593 2032 intelligatur
618 1992 651 2021 ea
677 1989 854 2022 conditione
876 1989 1011 2021 admissa
1037 1989 1140 2024 fuisse,

400 2049 433 2076 ut
458 2043 563 2084 iudex,
589 2045 642 2087 qui
669 2044 735 2077 tulit
762 2043 964 2083 sententiani,
990 2043 1084 2086 possit
1112 2049 1137 2075 et

401 2097 511 2131 debeat
536 2098 710 2138 ecclesiam,
735 2098 798 2129 sive
824 2097 909 2141 pium
936 2098 1050 2134 locum,
1077 2098 1140 2130 sive

401 2151 626 2184 beneficiorum
646 2155 783 2184 rectores
800 2156 826 2182 et
846 2152 1045 2191 monasteria,
1061 2162 1139 2195 quae

401 2205 584 2238 sententiam
611 2215 669 2248 pro
693 2215 725 2237 se
751 2204 989 2248 reportaverim,
1012 2205 1040 2236 in
1072 2215 1139 2248 pos-

401 2259 570 2291 sessionem
597 2258 754 2298 inducere,
781 2263 807 2289 vt
840 2257 870 2290 in
896 2258 1044 2290 omnibus
1070 2268 1139 2290 exe-

401 2312 582 2356 quutionem
608 2322 643 2344 ac
664 2311 820 2343 licentiam
847 2311 1029 2351 concedere,
1056 2312 1139 2343 iuxta

401 2365 539 2398 eiusdem
565 2364 735 2397 sententiae
760 2364 1007 2408 dispositionem.
1035 2364 1067 2396 Et
1096 2375 1141 2395 su-

402 2419 539 2463 pradicta
556 2419 659 2452 onmia
681 2425 707 2451 et
735 2419 856 2462 singula
875 2419 978 2451 locum
997 2418 1140 2457 habeant,

402 2483 463 2505 non
489 2472 589 2505 solum
615 2483 686 2504 cum
713 2471 817 2504 clerici
849 2476 879 2504 et
903 2471 1027 2514 piorum
1055 2471 1139 2503 loco-

403 2536 471 2557 rum
498 2530 718 2569 procuratores
744 2530 848 2567 agunt,
874 2525 925 2557 sed
952 2524 1043 2557 etiam
1070 2535 1139 2557 cum

405 2579 639 2611 conveniuntur.

509 2632 683 2675 Hucusque
707 2632 865 2665 decretum
893 2632 1032 2665 concilii.

992 239 1007 261 B
1014 238 1173 262 ULLAntUM
1195 238 1346 262 ROMANUM

1937 239 1985 265 An.
1999 239 2026 265 42.
2051 240 2115 267 1637

1224 286 1238 328 ς
1263 285 1291 317 2.
1309 286 1385 318 Cum
1402 290 1517 327 autem,
1534 286 1613 320 sicut
1637 287 1743 320 eadem
1765 287 1916 331 expositio
1962 301 2034 322 Dictus
2050 302 2116 322 aba„

1180 337 1412 381 subiungebat,
1436 338 1537 372 dictus
1563 349 1721 382 exponens
1744 340 1916 383 praemissa
1932 328 2116 383 ltssielssfifflssssss

1180 390 1294 431 omnia,
1321 402 1380 434 pro
1410 391 1534 424 illorum
1560 391 1694 424 firmiori
1718 392 1916 425 subsistentia
1933 382 2017 402 fim'ffl

1180 447 1209 477 et
1228 444 1396 485 validitate,
1411 444 1598 488 apostolicae
1615 450 1740 477 nostrae
1757 445 1917 478 confirma-

1181 498 1271 531 tionis
1298 498 1411 531 robore
1436 498 1625 532 communiri
1651 509 1852 542 summopere
1869 498 1917 531 de-

1180 550 1308 582 sideret:

1224 604 1238 646 ξ
1262 602 1291 635 3.
1318 604 1389 643 Nos,
1408 603 1524 635 dictum
1550 609 1755 646 exponentem
1782 604 1919 649 speciali·
1938 645 1943 648 q
1960 618 2055 638 [rhamis
2069 624 2116 639 con-

1180 655 1237 687 bus
1256 655 1414 688 favoribus
1432 660 1461 688 et
1478 655 1586 698 gratiis
1603 656 1750 700 prosequi
1769 657 1916 698 volentes,
1934 647 2008 665 ¹'¹'¹¹'‘³''

1180 712 1208 741 ct
1222 720 1237 740 a
1252 709 1411 752 quibusvis
1430 709 1773 749 excommunicationis,
1793 719 1918 753 suspen-

1180 761 1275 794 sionis
1300 767 1328 794 et
1360 761 1526 801 interdicti,
1547 762 1678 805 aliisque
1703 763 1918 796 ecclesiasticis

1180 815 1349 855 sententiis,
1375 815 1513 847 censuris
1539 821 1568 848 et
1592 816 1711 859 poenis,
1736 827 1752 848 a
1778 816 1844 849 iure
1869 818 1916 849 vel

1179 868 1218 899 ab
1244 867 1390 909 homine,
1417 869 1525 911 quavis
1560 869 1725 901 occasione
1752 870 1798 901 vel
1824 872 1915 902 causa

1180 920 1267 960 latis,
1294 921 1316 952 si
1350 920 1464 964 quibus
1493 921 1726 964 quomodolibet
1754 922 1918 954 innodatus

1180 974 1292 1014 existit,
1310 974 1347 1006 ad
1366 974 1511 1007 effectum
1529 975 1739 1018 praesentium
1758 974 1916 1008 dumtaxat

1180 1027 1433 1071 consequendum
1467 1028 1579 1060 harum
1610 1028 1689 1060 serie
1720 1028 1916 1061 absolventes

1179 1086 1207 1113 et
1233 1081 1409 1114 absolutum
1436 1081 1501 1114 fore
1526 1087 1697 1121 censentes,
1716 1081 1917 1125 supplicatio-

1179 1135 1271 1167 nibus
1297 1135 1378 1167 illius
1403 1135 1528 1168 nomine
1553 1135 1643 1168 nobis
1664 1145 1760 1178 super
1780 1136 1840 1168 lioc
1863 1136 1917 1168 hu·

1179 1188 1295 1221 militer
1322 1189 1476 1232 porrectis
1506 1188 1654 1229 inclinati,
1675 1189 1713 1221 de
1734 1189 1917 1221 corumdem

1178 1241 1382 1274 cardinalium
1399 1241 1540 1281 consilio,
1554 1242 1798 1274 celebrationem
1817 1242 1916 1275 dictae

1177 1294 1296 1339 synodi,
1314 1305 1348 1327 ac
1374 1294 1403 1326 in
1424 1296 1458 1326 ea
1477 1294 1558 1326 edita
1578 1294 1805 1327 declarationes
1823 1300 1853 1328 et
1869 1295 1918 1328 de-

1177 1354 1260 1380 creta
1278 1353 1308 1380 ut
1327 1348 1514 1391 praefertur,
1533 1348 1704 1391 apostolica
1719 1348 1915 1388 auctoritate,

1177 1408 1285 1435 tenore
1310 1401 1538 1445 ltnaesentium,
1564 1401 1787 1434 confirmamus
1812 1406 1841 1434 et
1865 1412 1918 1445 ap-

1176 1455 1358 1499 probamus,
1376 1454 1500 1498 illisque
1517 1453 1704 1486 inviolabilis
1729 1454 1917 1497 apostolicae

1176 1509 1333 1541 firmitatis
1362 1508 1460 1541 robur
1485 1508 1670 1547 adiicimus,
1695 1518 1729 1540 ac
1754 1518 1863 1540 omnes
1888 1513 1914 1540 et

1176 1563 1316 1605 singulos
1334 1567 1394 1595 tan]
1420 1562 1496 1595 iuris
1521 1572 1614 1606 quam
1635 1562 1704 1594 sacti
1726 1561 1874 1602 defectus,
1892 1562 1915 1594 si

1176 1616 1228 1659 qui
1254 1615 1388 1659 desuper
1413 1615 1648 1660 quomodolibet
1674 1615 1914 1654 intervenerint,

1176 1670 1365 1713 supplemus,

1220 1724 1234 1767 ξ
1263 1723 1292 1756 4.
1324 1724 1532 1756 Decernentes
1568 1723 1618 1755 illa
1654 1723 1757 1755 onmia
1794 1733 1914 1756 necnon
1952 1731 2114 1752 Ctausutasurri-

1930 1760 1980 1777 tunt,
1990 1764 1998 1778 s
2010 1760 2101 1784 apponit.

1175 1782 1355 1820 praesentes
1380 1776 1499 1809 litteras
1524 1776 1636 1818 valida,
1653 1775 1742 1808 firma
1764 1780 1793 1808 et
1813 1775 1915 1808 effica-

1175 1829 1222 1861 cia
1247 1829 1379 1861 existere
1406 1833 1432 1862 et
1459 1829 1534 1870 sore,
1554 1840 1688 1872 suosque
1712 1828 1869 1872 plenarios
1887 1833 1913 1860 et

1175 1883 1313 1925 integros
1334 1882 1462 1916 effertus
1480 1882 1586 1915 sortiri
1610 1888 1638 1914 et
1656 1882 1807 1921 obtinere,
1829 1887 1857 1914 et
1878 1881 1915 1913 ab

1174 1936 1330 1975 omnibus,
1348 1935 1385 1967 ad
1409 1946 1489 1979 quos
1514 1940 1630 1978 spectat
1648 1941 1674 1967 et
1693 1946 1750 1978 pro
1777 1940 1915 1978 tempore

1174 1989 1409 2033 quomodolibet
1428 1989 1588 2033 spectabit,
1608 1988 1636 2020 in
1655 1989 1794 2021 futurum
1822 1988 1915 2020 invio-

1174 2043 1308 2075 labiliter
1343 2048 1369 2075 ct
1398 2043 1582 2075 inconcusse
1607 2042 1782 2080 observari,
1808 2041 1914 2085 sicque

1174 2107 1229 2140 per
1243 2106 1459 2140 quoscunnpte
1481 2096 1598 2128 iudices
1619 2095 1795 2128 ordinarios
1816 2100 1846 2127 et
1864 2095 1914 2126 de-

1173 2150 1301 2191 legatos,
1320 2149 1412 2181 etiam
1435 2159 1599 2181 causarum
1625 2148 1729 2192 palatii
1752 2147 1913 2192 apostolici

1173 2203 1340 2244 auditores,
1368 2202 1497 2235 iudicari
1524 2213 1558 2234 ac
1583 2201 1707 2234 detinni
1733 2201 1858 2241 debere,
1880 2211 1914 2233 ac

1175 2257 1299 2288 irritum
1333 2262 1359 2288 et
1394 2256 1484 2288 inane
1517 2255 1668 2299 quidquid
1699 2265 1788 2287 secus
1820 2265 1914 2298 super

1174 2311 1221 2342 liis
1240 2321 1256 2342 a
1274 2320 1442 2353 quoquam,
1464 2309 1571 2353 quavis
1595 2309 1791 2347 auctoritate,
1817 2308 1914 2341 scien-

1175 2369 1221 2396 ter
1244 2364 1289 2395 vel
1308 2364 1499 2406 ignoranter,
1517 2362 1682 2405 contigerit
1699 2362 1853 2394 attentari.

1219 2417 1233 2460 g
1254 2417 1282 2449 ἰ).
1313 2418 1381 2449 Non
1413 2416 1608 2450 obstantibus
1642 2414 1914 2448 constitutionibus
1931 2424 2036 2445 mmmm
2054 2426 2114 2445 mii-i.

1175 2477 1201 2503 ct
1228 2470 1478 2503 ordinationibus
1511 2469 1710 2514 apostolicis,
1742 2467 1913 2513 privilegiis

1174 2535 1318 2568 quoque,
1352 2523 1477 2556 indultis
1510 2528 1539 2555 et
1570 2523 1682 2555 litteris
1713 2520 1913 2566 apostolicis,

1174 2577 1334 2620 quibusvis
1348 2576 1500 2621 personis,
1515 2577 1572 2609 sub
1587 2575 1835 2619 quibuscumque
1850 2584 1914 2606 ver-

1174 2631 1285 2663 borum
1311 2631 1473 2663 tenoribus
1499 2635 1525 2661 et
1553 2629 1670 2664 formis„
1692 2639 1726 2661 ac
1751 2638 1821 2660 cum
1848 2628 1915 2673 qui-
