2248 3229
101 209 152 244 Aa.
172 208 201 237 c.
218 208 283 237 ¹631

124 591 284 618 Archiepiscopi

100 619 209 640 decretum
244 618 285 639 boc

100 644 220 666 confirmari
248 649 284 666 cu-

99 673 159 698 piunt
167 688 172 697 ‚

127 1017 285 1049 Quibus-Urha-

101 1051 140 1068 uus
153 1048 234 1067 annuit.

154 1927 289 1951 Fet-dinamio

104 1956 157 1982 regi,
170 1958 194 1986 nt
209 1954 288 1976 eisdem

103 1982 289 2040 ζῧὲῗιιίἓῗηῃίξῖἰεὲθ.

104 2035 288 2084 satiarer

175 2515 291 2542 Derogatio

107 2543 269 2565 contrariorum.

880 236 883 237 s
907 208 1050 235 URBANUS
1073 208 1130 235 vm
1153 209 1200 234 PP.

299 265 357 290 nae
381 254 538 290 Ecclesiae
554 255 727 290 cardinales
742 256 877 302 negotiis
890 257 1041 291 Palatina-

300 316 349 344 tus
372 309 553 354 praepositi,
571 310 684 344 auditis
700 311 838 355 partium
858 317 1042 356 procurato-

299 363 389 397 ribus
406 368 436 396 et
452 363 621 404 advocatis,
635 375 733 408 reque
750 370 872 398 mature
889 365 1041 406 discussa,

300 417 449 450 unionem
474 417 656 451 huiusmodi
673 418 793 451 nullam
809 424 901 462 atquc
919 419 1040 453 irritam

300 479 368 504 esse
391 476 582 503 censuerunt
594 471 613 513 ¹,
637 475 733 514 prout
749 471 781 503 in
797 471 923 506 decreto
948 472 1040 505 desu-

298 532 356 567 per
380 523 522 557 consecto
546 523 669 567 plenius
693 523 808 559 dicitur
832 525 995 558 contineri.

343 577 359 620 ἓ
382 576 412 610 2.
433 577 510 610 Cum
527 581 643 618 autem,
661 577 740 610 sicut
757 577 866 611 eadem
887 576 1041 622 expositio

300 629 520 673 subiungebat,
534 629 608 663 dicti
619 630 850 675 archiepiscopi
868 632 1040 675 plurimum

300 682 427 727 cupiant
444 683 606 716 decretum
623 683 814 726 huiusmodi,
831 695 890 729 pro
908 685 1041 718 firmiori

300 735 384 769 illius
397 735 607 779 subsistentia,
625 737 816 781 apostolicae
830 741 955 772 nostrae
972 747 1042 771 con-

300 788 489 823 firmationis
506 789 622 823 robore
637 790 847 831 communiri}
865 790 956 824 nobis
972 801 1042 834 pro-

300 847 411 888 pterea
435 842 597 876 humiliter
628 844 800 888 supplicari
825 844 980 885 fecerunt,
1008 848 1042 878 ut

300 897 332 930 in
355 897 536 941 praemissis
556 903 735 942 opportune
752 898 920 942 providere
937 898 975 931 de
992 897 1042 931 be-

299 950 452 994 nignitate
477 951 650 995 apostolicd
673 951 886 994 dignaremur.

345 1004 360 1048 ἓ
380 1003 410 1037 3.
435 1004 497 1038 Nos
514 1004 621 1048 igitur,
638 1004 708 1038 illos
728 1004 917 1049 specialibus
933 1005 1043 1039 favori-

300 1057 359 1091 bus
378 1063 409 1091 et
430 1057 539 1101 gratiis
552 1057 702 1102 prosequi
717 1058 865 1101 volentes,
879 1064 909 1092 et
931 1070 1042 1092 eorum

300 1111 477 1154 singulares
489 1121 641 1155 personas
654 1121 670 1144 a
687 1111 849 1155 quibusvis
866 1123 1043 1146 excommu-

299 1158 475 1208 nicationis,
492 1164 705 1209 suspensionis
723 1170 753 1198 et
772 1165 941 1207 interdicti,
962 1166 1043 1200 aliis-

300 1228 362 1262 que
386 1218 605 1252 ecelesiasticis
640 1219 822 1262 sententiis,
849 1220 989 1253 censuris
1014 1226 1043 1254 et

299 1272 420 1316 poenis,
437 1282 455 1304 a
475 1272 544 1305 iure
569 1272 616 1305 vel
640 1272 679 1305 ab
703 1272 841 1314 homine,
866 1274 975 1317 quavis
994 1285 1044 1308 oc-

301 1326 428 1360 casione
452 1326 500 1359 vel
525 1326 619 1359 causa
636 1325 716 1366 latis,
737 1326 892 1370 siquibus
916 1338 1044 1370 quomo-

301 1379 421 1414 dolibet
449 1379 616 1413 innodatae
651 1379 809 1421 existunt,
834 1380 873 1413 ad
897 1380 1042 1414 effectum

301 1433 516 1478 praesentium
529 1433 691 1466 dumtaxat
703 1434 970 1478 consequendum,
990 1435 1043 1468 ha-

301 1497 373 1520 rum
398 1487 479 1520 serie
503 1486 699 1520 absolventes
731 1491 761 1519 et
793 1487 951 1521 absolutas
975 1488 1042 1521 sore

302 1545 474 1581 censentes,
496 1540 778 1584 supplicationibus
802 1541 982 1575 huiusmodi
1000 1543 1044 1575 in-

301 1593 418 1635 clinati,
436 1594 598 1627 decretum
622 1594 854 1638 praeinsertum
871 1596 1043 1639 apostolica

301 1647 497 1689 auctoritate,
515 1652 624 1681 tenore
647 1648 872 1692 praesentium,
892 1649 1044 1693 approba-

300 1712 372 1735 mus
395 1707 425 1735 et
449 1701 687 1746 confirmamus,
703 1711 739 1735 ae
759 1711 868 1735 omnes
885 1707 916 1734 et
939 1702 1043 1746 singu-

301 1756 348 1789 los
372 1761 435 1788 tam
459 1755 538 1788 iuris
561 1765 657 1799 quam
681 1755 754 1788 sacti
778 1755 927 1797 defectus,
945 1756 970 1789 si
990 1756 1043 1800 qui

303 1802 439 1853 desuper
463 1808 701 1853 quomodolibet
720 1808 956 1850 intervenerint,
973 1820 1045 1854 sup-

303 1862 435 1907 plemus.

347 1916 404 1960 §4
429 1916 557 1949 Necnon
570 1915 684 1949 dilecto
701 1915 766 1950 filio
783 1921 891 1950 nostro
909 1922 938 1950 et
956 1917 1044 1951 Sedis

303 1969 502 2014 Apostolicae
521 1969 604 2013 apud
628 1969 849 2002 charissimum
869 1969 901 2002 in
920 1970 1044 2003 Christo

303 2023 404 2057 filium
420 2028 565 2056 nostrum
578 2022 811 2056 Ferdinandum
829 2023 1044 2056 Romanorum

303 2087 413 2121 regem
447 2077 479 2109 in
514 2077 739 2120 imperatorem
763 2077 904 2121 ‚electum
934 2077 1044 2110 nuntio

303 2141 362 2176 per
374 2135 557 2175 praesentes
569 2130 796 2164 committimus
807 2136 837 2164 et
847 2131 1042 2173 mandamus,

302 2189 337 2218 ut
354 2184 471 2217 eisdem
488 2183 653 2217 abhatibus
669 2184 809 2217 inhibeat
825 2195 864 2218 ne
881 2184 919 2217 de
939 2190 1044 2218 cetero

302 2239 335 2272 in
359 2238 418 2272 hac
441 2237 573 2272 materia
596 2238 714 2282 aliquid
736 2238 810 2272 novi
834 2244 971 2273 statuere
996 2240 1043 2273 vel

304 2297 457 2326 attentare
480 2296 704 2336 praesumant,
732 2292 817 2325 salvo
846 2297 952 2325 tamen
975 2292 1044 2326 iure

304 2345 468 2389 redigendi
503 2345 693 2379 monasteria
722 2345 753 2378 in
783 2347 1044 2390 congregationes

305 2399 511 2446 particulares
524 2399 563 2432 ad
576 2400 806 2445 praescriptum
820 2412 982 2434 sacrorum
997 2413 1044 2435 ca-

304 2465 424 2489 nonum
441 2459 471 2487 et
483 2453 600 2488 decreti
617 2454 698 2487 sacri
714 2454 843 2488 Coneilii
860 2455 1042 2489 Tridentini.

350 2509 365 2552 g
389 2508 418 2541 5.
444 2508 513 2541 Non
537 2507 732 2541 obstantibus
748 2508 780 2541 in
796 2509 988 2542 contrarium
1005 2510 1046 2542 sa-

306 2561 460 2595 cientibus
484 2561 746 2606 quibuscumque.

344 2626 355 2652 1
371 2623 439 2653 Male
453 2623 519 2652 edit.
535 2623 617 2653 Malu.
633 2623 699 2660 legit
712 2624 822 2654 censuit
837 2623 873 2660 (R.
889 2624 937 2660 τ.).

1453 47 1466 57 α

1443 77 1521 153 Q

1117 259 1229 292 Datum
1254 258 1382 299 Romae,
1403 257 1487 302 apud
1513 258 1542 292 S.
1567 257 1696 292 Mariam
1719 259 1815 292 Maio-

1075 322 1152 354 rem,
1174 313 1231 345 sub
1267 313 1382 346 annulo
1411 313 1587 353 Piscatoris,
1618 312 1667 346 die
1692 322 1723 345 lv
1748 312 1814 345 iulii

1076 376 1228 407 nncxxxl,
1248 367 1448 410 pontificatus
1474 367 1582 407 nostri,
1608 377 1690 400 anno
1715 376 1780 401 v111.

1111 428 1168 456 Dat.
1186 428 1229 456 die
1245 430 1260 455 Δ,
1277 429 1334 456 iulii
1354 429 1429 464 1631,
1447 429 1541 464 pontis·
1557 437 1626 457 anno
1642 436 1697 457 vm.

1397 555 1491 588 DCVI.

1074 624 1232 658 Facultas
1263 625 1366 669 quato
1401 625 1610 659 Ferrariensi
1638 636 1734 670 super
1765 627 1816 660 ob-

1119 678 1242 711 sidibus
1265 689 1325 722 pro
1356 678 1598 721 confirmatione
1626 681 1717 723 pacis
1741 680 1816 713 Ita-

1121 730 1185 764 liae
1214 732 1344 764 nomine
1375 735 1504 765 semelae
1540 731 1630 765 Sedis
1662 732 1816 776 accipien-

1120 783 1169 816 dis
1184 783 1202 816 ¹.

1076 863 1190 892 Dilecto
1211 864 1272 892 filio
1293 865 1397 892 'nostro
1427 865 1533 892 Ioanni
1558 865 1712 899 Baptistae
1732 866 1817 894 tituli

1111 909 1138 936 S.
1160 909 1299 938 Silvestri
1315 910 1344 937 in
1361 910 1462 943 capite
1477 911 1653 945 presbytero
1669 912 1816 941 cardinali

1111 955 1241 982 Pallotto
1261 958 1444 989 nuncupato,
1466 955 1497 982 in
1518 956 1644 983 civitate
1659 960 1689 983 et.
1704 959 1816 985 ducatu

1111 999 1223 1027 nostris
1247 1000 1490 1027 Perrariensihus
1514 1004 1617 1028 nostro
1638 1005 1668 1029 et
1691 1002 1814 1036 Aposto-

1111 1044 1189 1072 licae
1210 1044 1294 1072 Sedis
1311 1045 1347 1071 de
1367 1046 1463 1072 latere
1483 1045 1594 1079 legato,

1267 1098 1403 1125 Urbanus
1437 1099 1517 1132 Papa
1549 1099 1624 1126 VIII.

1298 1159 1416 1188 Dilecto
1433 1160 1476 1187 fili
1491 1163 1605 1192 noster,

1119 1205 1249 1233 salutem
1265 1207 1296 1232 et
1311 1205 1507 1239 apostolicam
1522 1205 1771 1235 benedictionem.

1121 1275 1208 1317 Cum,
1226 1275 1304 1309 sicut
1330 1277 1520 1320 acecpimus,
1542 1288 1601 1321 pro
1625 1279 1818 1321 perfectione

1076 1329 1162 1372 pacis
1178 1329 1283 1362 Italiae
1299 1330 1469 1362 nonnullae
1484 1330 1565 1363 inter
1585 1331 1749 1374 deputatos
1764 1343 1819 1366 seu

1076 1383 1368 1427 plenipotentiarios
1381 1383 1641 1417 charissimorum
1654 1385 1685 1418 in
1696 1386 1818 1421 Christo

1076 1436 1215 1470 filiorum
1240 1442 1424 1470 nostrorum
1450 1437 1639 1470 Ferdinandi
1663 1439 1818 1474 Romano-

1076 1500 1147 1523 rum
1172 1491 1256 1533 regis
1281 1490 1313 1522 in
1337 1490 1562 1534 imperatorem
1587 1492 1677 1525 electi
1707 1499 1736 1526 et
1760 1494 1819 1527 Lu-

1076 1543 1177 1577 dovici
1212 1543 1363 1578 Franciae
1394 1545 1478 1587 regis
1511 1545 1763 1579 christianissimi
1788 1548 1819 1580 in

1077 1597 1194 1641 oppido
1218 1597 1386 1631 Cheraschi
1419 1598 1579 1641 pactiones
1611 1599 1668 1632 sub
1694 1599 1744 1632 die
1767 1610 1819 1634 xtx

1077 1650 1155 1683 iunii
1180 1651 1324 1694 proxime
1349 1651 1510 1694 praeteriti
1535 1652 1629 1685 initae
1646 1653 1772 1694 fuerint,
1790 1659 1820 1687 et

1077 1704 1109 1736 in
1133 1703 1259 1737 illarum
1284 1704 1525 1747 exequutionem
1555 1705 1649 1738 iidem
1680 1706 1818 1750 deputati

1077 1757 1116 1789 ad
1139 1767 1197 1791 nos
1228 1762 1258 1790 et
1280 1757 1361 1791 hanc
1393 1763 1533 1791 sanctam
1557 1758 1669 1792 Sedem
1693 1760 1819 1793 obsides

1077 1810 1149 1844 hinc
1174 1811 1246 1844 inde
1271 1811 1470 1844 deducendos
1495 1811 1648 1853 dederint,
1669 1813 1816 1846 firmatis-

1077 1875 1137 1908 que
1162 1864 1294 1897 subinde
1318 1865 1400 1897 inter
1424 1870 1569 1898 nostrum
1590 1871 1619 1898 et
1637 1866 1731 1899 huius
1749 1877 1818 1899 san-

1078 1923 1145 1951 ctae
1169 1918 1256 1951 Sedis
1280 1918 1425 1955 nuntium
1442 1929 1477 1951 ac
1494 1919 1659 1962 deputatos
1680 1930 1735 1952 seu
1751 1921 1819 1964 ple-

1077 1972 1318 2016 nipotentiarios
1351 1972 1527 2016 praedictos
1553 1973 1610 2005 sub
1636 1972 1746 2006 eadem
1769 1974 1819 2007 die

1078 2025 1309 2058 conditionibus
1333 2026 1415 2058 inter
1432 2036 1485 2058 eos
1501 2027 1693 2067 convenerit,
1709 2032 1744 2060 ut
1768 2027 1820 2061 ob-

1077 2078 1158 2111 sides
1180 2079 1333 2123 praedicti
1354 2079 1493 2123 primum
1514 2079 1552 2111 ad
1576 2080 1820 2114 Civitatemrete-

1078 2143 1146 2165 rem
1159 2131 1180 2173 ⁴²,
1198 2143 1252 2166 seu
1268 2133 1365 2165 alium
1385 2133 1477 2166 nobis
1496 2133 1678 2167 benevisum
1703 2135 1818 2176 locum,

1078 2192 1108 2219 et
1132 2186 1203 2219 inde
1228 2186 1266 2219 ad
1290 2187 1404 2219 almam
1431 2187 1547 2220 [rbem
1564 2193 1704 2220 nostram
1722 2193 1819 2221 trans-

1078 2240 1236 2282 ferantur,
1263 2239 1316 2273 sed
1339 2244 1450 2284 postea
1473 2240 1568 2273 iidem
1600 2240 1738 2285 deputati
1764 2253 1818 2275 seu

1078 2293 1340 2337 plenipotentiarii
1358 2304 1374 2326 a
1391 2293 1481 2326 nobis
1506 2294 1595 2327 enixe
1621 2295 1769 2338 petierint
1785 2300 1819 2327 ut

1079 2348 1208 2380 dilectos
1241 2347 1323 2380 filios
1355 2347 1547 2380 colonnellos
1571 2347 1730 2381 Octavium
1756 2349 1819 2381 Pic—

1079 2401 1300 2443 colomineum,
1314 2401 1465 2434 baronem
1484 2402 1631 2434 Ioannem
1649 2401 1817 2445 Baptistam

1078 2455 1249 2488 Ecclesiam
1274 2459 1304 2487 et
1326 2454 1541 2488 vicecomitem
1566 2455 1818 2497 Wissebensem,

1080 2509 1221 2543 eiusdem
1237 2508 1425 2542 Ferdinandi
1443 2509 1526 2551 regis
1544 2509 1576 2541 in
1593 2509 1818 2554 imperatorem

1116 2583 1126 2608 1
1149 2580 1186 2607 Ex
1206 2580 1311 2614 Regest.
1332 2579 1359 2605 in
1378 2579 1480 2606 secret.
1502 2579 1579 2607 Brev.

1113 2626 1130 2653 2
1148 2625 1234 2662 Vulgo
1256 2625 1469 2654 Civieavecchz'a
1487 2625 1525 2660 (n.
1543 2625 1590 2658 T.).

1713 199 1774 235 231
1824 209 1873 238 An.
1892 209 1921 238 c.
1944 210 2009 238 1631

1904 1285 2017 1308 Exordium

1834 1319 1846 1333 a
1877 1314 2017 1338 petitionibus

1835 1342 1946 1366 sumptum.
