2248 3229
204 250 294 280 An.c.
316 250 384 280 1633
430 242 496 277 35⁶3

228 1113 289 1136 Facti
304 1114 377 1136 series.

242 2289 351 2313 facultas.
367 2290 392 2311 de

211 2322 253 2343 qua
265 2324 286 2338 in
301 2318 393 2338 rubrica.

444 301 555 334 Datum
576 299 704 339 Romae,
727 297 810 342 apud
834 296 863 331 S.
884 295 1013 331 Mariam
1038 296 1136 330 Maio-

400 364 478 394 rem,
499 353 556 386 sub
574 352 688 385 annulo
705 351 882 392 piscatoris,
903 351 952 383 die
972 360 1045 384 xxvl
1063 350 1139 384 iunii

401 415 573 446 Mncxxxln,
591 404 790 449 pontificatus
809 404 910 438 nostri
929 414 1010 438 anno
1032 414 1062 438 x.

435 469 493 497 Dat.
511 469 554 497 die
573 468 607 496 26
626 468 693 496 iunii
711 468 788 502 1633,
809 467 904 504 pontif.
926 476 996 495 anno
1012 475 1038 495 x.

703 602 837 636 CDLVIl.

399 683 573 718 Inclultum
597 684 667 727 reqi
691 682 849 716 catholico
881 687 909 716 et
941 682 1024 716 clero
1049 683 1143 726 reqni

444 737 618 771 Sardiniae
633 735 813 780 recipiendi
834 746 871 768 ac
895 736 1066 779 respective
1081 736 1143 769 sol-

447 790 540 824 vendi
559 789 694 824 solitum
719 790 910 830 donativum
922 789 940 822 ¹.

401 859 610 901 Dilectis'flliis
622 871 764 899 universo
780 872 859 899 clero
874 871 959 906 requi
976 871 1142 905 Sardiniae,

610 925 747 953 Urbanus
764 925 842 959 Papa
857 925 935 952 v111.

673 987 783 1015 Dilecti
802 987 868 1021 filii,

437 1033 566 1063 salutem
590 1035 621 1060 et
644 1031 841 1066 apostolicam
860 1031 1106 1060 benedictionem.

446 1105 462 1148 g
487 1104 515 1137 1.
541 1103 662 1148 Exponi
687 1102 777 1136 nobis
802 1112 902 1146 nuper
926 1103 999 1136 fecit
1024 1103 1142 1136 charis-

403 1159 500 1192 simus
529 1157 559 1190 in
591 1156 714 1190 Christo
742 1156 826 1188 silius
849 1160 957 1188 noster
982 1155 1143 1199 Philippus

404 1210 624 1255 Hispaniarum
649 1220 703 1242 rex
730 1209 919 1249 catholicus,
944 1208 1028 1251 quod
1052 1219 1143 1242 occa-

404 1265 490 1298 sione
500 1262 697 1308 parlamenti,
708 1262 792 1306 quod
805 1261 937 1304 singulis
951 1261 1044 1294 certis
1055 1262 1144 1295 annis

403 1319 435 1351 in
460 1316 620 1351 Sardiniae
645 1325 743 1359 regno
768 1315 806 1348 ad
831 1325 1031 1348 communem
1060 1315 1144 1349 illius

404 1369 568 1404 utilitatem
605 1366 771 1400 convocari
807 1366 907 1407 solet,
947 1367 1144 1400 necessariae

404 1422 559 1468 quaedam
583 1430 740 1465 expensae
765 1419 911 1453 sustineri
944 1424 974 1452 et
1005 1420 1144 1453 subsidia

405 1476 558 1522 praestari
576 1479 818 1515 consueverunt,
835 1474 867 1506 in
884 1473 997 1518 quibus
1014 1484 1145 1518 suppor-

405 1529 506 1564 tandis
542 1527 772 1562 ecclesiasticae
808 1538 933 1571 quoque
968 1538 1144 1571 personae,

404 1582 531 1629 praevia
556 1582 648 1615 huius
673 1585 798 1615 sanctae
823 1580 910 1614 Sedis
934 1580 1059 1614 licentia
1074 1608 1082 1622 ,
1107 1581 1145 1614 ab

405 1636 649 1672 immemorabili
674 1640 816 1679 tempore
834 1635 911 1668 citra
935 1645 1058 1679 semper
1076 1645 1145 1668 con-

405 1691 546 1725 tribuere
565 1689 674 1724 solitae
692 1689 828 1722 suerunt.
847 1689 883 1722 Et
899 1688 971 1733 quia
989 1699 1145 1732 expensae

405 1745 584 1790 praedictae
608 1744 759 1777 hactenus
785 1747 974 1783 creverunt,
1007 1742 1147 1775 subsidia

407 1809 534 1844 quoque
550 1797 710 1843 praedicta
734 1796 765 1828 in
789 1796 985 1840 parlamento
1002 1796 1146 1840 proxime

407 1853 564 1887 celebrato
587 1851 625 1884 ad
651 1859 806 1884 summam
838 1850 870 1882 in
902 1854 1000 1882 totum
1021 1854 1165 1882 centum*

408 1912 437 1940 et
462 1904 687 1950 quinquaginta
718 1903 851 1936 millium
883 1903 1068 1937 ducatorum
1094 1903 1166 1941 ad„

408 1959 587 1994 scendentia
610 1957 757 2003 praestita
783 1957 916 1990 suerunt.
942 1957 1043 1996 Quare
1065 1956 1147 1989 idem

406 2013 570 2058 Philippus
595 2022 648 2045 rex
672 2011 762 2045 nobis
786 2011 948 2044 humiliter
973 2010 1147 2055 supplicari

408 2067 489 2108 fecit,
510 2071 544 2099 ut
568 2071 630 2098 tam
655 2075 728 2098 suae
753 2075 847 2109 quam
872 2069 1046 2097 vestrarum
1073 2074 1147 2097 con-

409 2119 610 2154 scientiarum
636 2118 795 2152 securitati
821 2117 851 2150 in
876 2117 1060 2162 praemissis
1077 2126 1149 2151 con-

409 2175 512 2208 sulere
543 2173 582 2207 de
611 2172 803 2216 benignitate
834 2171 1008 2216 apostolica
1033 2171 1145 2214 digna-

409 2239 529 2262 remur.

453 2284 467 2327 ξ
492 2282 521 2316 Ξ.
547 2282 609 2315 Nos
629 2281 735 2324 igitur,
751 2279 933 2312 huiusmodi
951 2278 1150 2323 supplicatio-

408 2336 502 2369 nibus
526 2334 676 2374 inclinati,
701 2339 762 2366 tam
788 2332 889 2365 eidem
906 2332 1053 2376 Philippo
1071 2331 1148 2375 regi,

410 2394 441 2421 ut
463 2387 601 2422 subsidia
615 2392 644 2420 et
658 2386 906 2420 contributiones
920 2385 1079 2430 praedicta
1093 2395 1150 2428 per

411 2454 464 2476 ros
489 2441 636 2476 solvenda
661 2440 805 2483 exigere,
831 2440 894 2472 sive
920 2439 1001 2482 exigi
1026 2439 1148 2480 facere,

412 2506 504 2539 quam
526 2495 623 2537 vobis,
641 2498 675 2528 ut
698 2494 749 2526 illa
775 2493 860 2526 iuxta
886 2493 1012 2526 solitum
1034 2498 1063 2526 et
1081 2502 1168 2525 con-,

412 2554 534 2581 suetum
560 2549 681 2581 solvere
704 2547 803 2580 libere
829 2553 858 2580 et
888 2547 982 2587 licite,
1006 2557 1065 2590 pro
1089 2547 1151 2578 una

413 2602 479 2635 vice
503 2606 639 2641 tantum,
663 2601 790 2649 possitis
806 2606 836 2633 et
853 2600 999 2642 valeatis,
1026 2603 1150 2644 aposto-

452 2667 462 2692 1
481 2665 517 2694 Ex
534 2665 640 2700 Regest.
658 2665 683 2692 in
699 2665 799 2692 Secret.
818 2664 892 2692 Brev.

976 247 1154 273 BULLARIUM
1178 246 1332 273 ROMANUM

1924 243 1974 272 An.
1987 243 2016 271 C.
2041 242 2108 271 1633

1173 296 1232 329 lica
1257 294 1453 335 auctoritate,
1470 299 1579 328 tenore
1598 293 1822 339 praesentium,
1841 301 1910 328 con-

1174 349 1313 384 cedimus
1338 353 1368 382 et
1391 347 1600 391 indulgemus.

1219 403 1234 446 g
1257 402 1286 436 3.
1312 403 1380 436 Non
1405 400 1600 436 obstantibus
1617 400 1807 445 apostolicis,
1825 412 1860 435 ac
1879 401 1911 434 in

1174 453 1415 494 universalibus,
1439 451 1685 497 provincialibus
1705 456 1736 484 et
1758 452 1913 496 synodali-

1175 508 1234 541 bus
1259 505 1421 541 conciliis¹
1447 505 1536 539 editis
1557 504 1756 549 generalibus
1775 504 1824 537 vel
1841 515 1912 549 spe-

1176 561 1306 594 cialibus
1320 558 1592 594 constitutionibus
1609 563 1638 592 et
1653 557 1912 601 ordinationibus,

1176 613 1351 658 ceterisque
1375 612 1541 646 contrariis
1565 611 1824 656 quibuscumque.

1219 668 1331 702 Datum
1354 668 1482 710 Romae,
1511 666 1593 711 apud
1614 667 1643 701 S.
1665 665 1795 700 Mariam
1816 665 1911 699 Maio-

1176 733 1255 764 rem,
1272 722 1329 755 sub
1346 721 1462 755 annulo
1475 720 1653 761 Piscatoris,
1666 720 1716 753 die
1731 729 1818 754 xxvn
1838 718 1915 752 iunii

1178 787 1357 818 Mncxxxm,
1381 775 1582 821 pontificatus
1605 774 1704 809 nostri
1728 784 1810 807 anno
1834 785 1864 808 x.

1213 840 1270 867 Dat.
1288 839 1331 867 die
1345 838 1378 867 27
1393 838 1462 866 iunii
1484 837 1561 872 1633,
1577 836 1672 873 pontis.
1689 844 1759 864 anno
1774 844 1800 863 x.

1977 413 2109 434 Obstantium

1925 439 2044 467 derogatio.

1457 982 1633 1017 CDvaul.

1180 1064 1271 1104 Quod
1302 1065 1419 1107 fratres
1448 1063 1480 1096 S.
1510 1062 1693 1106 Auqustini
1723 1061 1917 1096 Discatceati

1222 1117 1474 1161 Hispaniarum,
1501 1116 1536 1149 in
1560 1114 1766 1160 Philippinis
1791 1119 1819 1148 et
1843 1115 1918 1148 occi-

1221 1170 1408 1203 dentalibus
1432 1169 1539 1202 Indiis
1564 1169 1732 1212 degentes,
1760 1179 1780 1201 a
1803 1169 1916 1212 quovis

1222 1223 1376 1257 catholico
1390 1223 1543 1266 episcopo,
1557 1223 1815 1255 communionem
1827 1221 1917 1256 Sedis

1221 1276 1426 1319 Apostoticae
1444 1275 1591 1315 habente,
1611 1276 1751 1308 minores
1764 1279 1792 1307 et
1811 1285 1918 1308 sacros

1222 1330 1360 1370 ordines,
1381 1330 1480 1362 etiam
1493 1339 1558 1361 non
1571 1328 1705 1361 serratis
1722 1328 1918 1368 interstitiis,

1222 1383 1381 1426 suscipere
1397 1382 1520 1426 possint
1530 1382 1550 1414 ⁹.

1379 1462 1516 1490 Urbanus
1536 1461 1615 1495 Papa
1634 1461 1714 1495 VIII,

1323 1508 1359 1535 ad
1379 1507 1510 1535 futuram
1529 1507 1573 1534 rei
1592 1506 1772 1534 memoriam.

1223 1578 1238 1622 g
1263 1579 1290 1611 ·l.
1317 1577 1403 1619 Cum,
1426 1578 1505 1612 sicut
1522 1577 1653 1611 dilectus
1668 1577 1752 1611 filius
1769 1587 1918 1622 procura-
1933 1589 2118 1640 ⁵2123¹3³2ffl3⁸

1181 1637 1230 1666 tor
1248 1633 1404 1676 generalis
1421 1632 1554 1665 fratrum
1569 1631 1692 1665 Ordinis
1705 1630 1916 1664 Eremitarum
1933 1643 1957 1671 ni,
1990 1642 2118 1672 niscaieequ

1180 1686 1208 1719 S.
1218 1685 1383 1729 Augustini
1392 1685 1654 1719 Discalceatorum
1665 1688 1917 1729 nuncupatorum
1933 1669 2119 1725 Ptiiifflffless

1180 1739 1400 1784 Hispaniarum
1422 1743 1451 1773 et
1467 1739 1624 1772 indiarum
1642 1738 1733 1772 nobis
1749 1748 1850 1782 nuper
1871 1748 1920 1771 ex-
1933 1722 2118 1778 issffitntdiffi'ig

1180 1793 1253 1837 poni
1270 1793 1351 1833 sec-it,
1368 1793 1480 1825 fratres
1503 1791 1654 1836 praedicti
1676 1791 1707 1823 in
1732 1790 1920 1835 Philippinis
1934 1774 2119 1848 {ffrffiffiiffiffii

1181 1852 1209 1880 et
1226 1846 1320 1880 Indiis
1337 1845 1587 1880 occidentalibus
1607 1845 1765 1888 degentes,
1785 1845 1825 1878 ob
1839 1845 1921 1878 loco-
1935 1854 1986 1876 dere
2000 1855 2094 1881 possunt.

1182 1910 1252 1933 rum
1277 1898 1457 1932 huiusmodi
1482 1898 1521 1931 ab
1547 1897 1702 1942 episcopis
1727 1897 1920 1938 distantiam,

1181 1963 1244 1987 non
1268 1953 1334 1986 sine
1359 1951 1509 1996 impensis
1527 1956 1555 1984 et
1572 1951 1695 1994 magnis
1713 1950 1921 1984 incommodis

1165 2007 1265 2051 ,ipsos
1291 2006 1455 2051 episcopos
1479 2016 1538 2049 pro
1564 2005 1660 2038 sacris
1686 2004 1850 2038 ordinibus
1874 2015 1922 2038 su-

1183 2060 1351 2105 scipiendis
1369 2059 1492 2104 saepius
1508 2058 1594 2091 adire
1611 2062 1788 2102 nequeant,
1807 2058 1922 2102 cupiat-

1183 2125 1243 2159 que
1267 2118 1435 2158 propterea
1453 2112 1514 2145 illis
1532 2122 1589 2145 nos
1610 2111 1757 2156 desuper,
1778 2117 1810 2144 ut
1831 2111 1922 2153 infra,

1183 2173 1359 2212 opportune
1383 2165 1559 2210 provideri:

1228 2222 1242 2266 ἓ
1266 2222 1295 2254 ⁶2.
1314 2221 1385 2261 Nos,
1402 2224 1639 2264 procuratorem
1658 2222 1687 2252 et
1702 2218 1815 2252 fratres
1834 2229 1922 2263 prae·
1982 2226 2083 2265 eo'peeda
2098 2229 2120 2248 ui

1183 2274 1282 2308 dictos
1300 2273 1489 2318 specialibus
1507 2271 1667 2305 favoribus
1684 2276 1713 2305 et
1726 2271 1835 2315 gratiis
1851 2282 1922 2316 pro·
1935 2258 2121 2306 ssssu‘gffissffissgj

1903 2325 1908 2331 ,
1935 2313 1982 2327 nen]
1991 2306 2054 2328 Sedis
2063 2308 2120 2333 Apo-

1166 2343 1168 2359 ι
1184 2327 1270 2372 sequi
1285 2328 1436 2367 volentes,
1453 2332 1482 2359 et
1500 2337 1517 2358 a
1534 2325 1922 2370 quibusvisexcommum-
1936 2333 2120 2381 {2⁰¹ffffessffissgg

1184 2381 1323 2423 cationis,
1338 2380 1550 2425 suspensionis
1569 2385 1597 2413 et
1612 2379 1777 2420 interdicti,
1791 2379 1921 2423 aliisque
1936 2388 1957 2407 et
1973 2392 2044 2407 saeros
2065 2386 2121 2422 ⁰5⁶³:

1184 2429 1400 2470 ecclesiasticis
1418 2434 1588 2475 sententiis,
1607 2433 1747 2467 censuris
1764 2438 1792 2466 et
1802 2433 1920 2477 poenis,
1935 2418 2120 2486 tffist¹tss¹¹¹f2t333

1184 2500 1200 2522 a
1217 2490 1283 2522 iure
1297 2489 1344 2522 vel
1362 2489 1400 2521 ab
1416 2488 1554 2529 homine,
1568 2487 1676 2532 quavis
1693 2486 1857 2520 occasione
1873 2485 1921 2519 vel
1936 2471 2052 2514 ῗοτῖιῗιῗιὲῗ
2063 2472 2111 2487 ¹⁵¹⁰

1222 2572 1231 2596 1
1256 2569 1326 2596 Edit.
1342 2569 1420 2596 Main.
1439 2568 1502 2604 legit
1517 2568 1632 2596 concilii
1646 2568 1683 2602 (n.
1696 2568 1745 2602 τ.).

1220 2615 1235 2641 2
1251 2616 1290 2642 De
1305 2614 1347 2641 his
1363 2614 1503 2648 fratribus,
1519 2613 1578 2640 ride
1594 2621 1674 2649 supra
1689 2612 1720 2639 ad
1737 2611 1827 2639 Const.
1843 2618 1921 2647 ccxx,

1168 2655 1171 2692 ἱ
1186 2659 1331 2688 Clementis
1346 2658 1414 2693 vlu,
1433 2659 1528 2693 Decet,
1544 2661 1608 2685 tom.
1624 2663 1652 2692 X,
1669 2665 1730 2692 pag.
1746 2656 1807 2685 548.
