2248 3229
17 227 68 254 An.
88 225 117 254 C.
132 225 202 253 1635

91 1030 201 1061 clausulae

17 1062 103 1084 prieur
107 1060 195 1079 iatine.

45 1402 203 1429 &aquatorum

19 1430 138 1456 deputatio.

35 2616 150 2647 herennio
158 2621 206 2640 con·

25 2648 132 2667 unorum
137 2659 142 2666 .

15 3157 31 3213 ,ιι

826 225 968 250 URBANUS
993 225 1049 249 vm
1073 225 1120 249 PP.

215 275 307 306 causa
329 273 409 312 latis,
430 272 455 305 si
479 271 592 316 quibus
609 271 847 316 quomodolibet
864 273 955 306 inno·
970 277 973 304 Ι
988 273 1019 306 in
1043 273 1155 306 litteris
1187 272 1356 318 praedictis
1389 281 1538 306 concessa
1569 277 1641 305 sunt
1664 282 1728 305 non

214 326 277 359 dati
309 326 466 366 existunt,
496 325 535 358 ad
567 325 714 359 effectum
739 326 953 370 praesentium

213 379 372 412 dumtaxat
389 379 656 422 consequendum,
674 380 787 413 harum
805 380 885 413 serie
905 379 955 412 ab·

214 432 370 465 solventes
393 437 423 465 et
447 432 606 466 absolutos
623 433 690 466 sore
712 438 883 475 censentes,
902 433 955 466 hu—

215 485 351 519 iusmodi
368 486 648 529 supplicationibus
665 486 814 526 inclinati,
832 492 956 530 aposto-

214 538 275 571 lica
299 539 494 579 auctoritate,
517 544 626 572 tenore
651 539 874 583 praesentium,
894 539 951 573 de-

215 593 384 632 cernimus,
408 603 446 626 ne
471 592 508 626 de
533 599 638 626 cetero
658 593 821 637 perpetuis
840 592 955 626 suturis

216 646 412 689 temporibus
436 645 588 678 maiorem
607 651 678 689 post
695 646 907 690 pontificalem
924 645 955 678 in

215 698 447 732 cathedralibus
475 709 510 732 ac
542 699 750 743 principalem
787 700 818 732 in
853 699 951 733 colle-

214 752 305 795 giatis
330 752 470 785 ecclesiis
494 753 660 796 dignitates
685 754 871 796 obtinentes,
897 763 955 786 nec

215 806 356 839 canonici
382 806 589 849 magistrates,
603 806 792 848 doctorales,
809 807 955 847 lectores,

214 859 447 903 poenitentiarii
463 865 492 892 et
506 860 735 903 parochialium
749 860 954 894 ecclesiarum

215 918 366 953 rectores,
379 913 600 957 episcoporum
616 913 784 946 familiares
801 923 855 946 seu
873 923 956 946 com-

216 967 371 999 mensales
396 977 462 1000 esse
487 967 623 1010 possint,

261 1021 276 1064 g
300 1021 329 1054 6.
355 1021 537 1054 Praesentcs
562 1031 636 1054 vero
660 1021 789 1062 litteras,
815 1024 844 1053 et
860 1019 891 1052 in
911 1019 956 1052 eis

217 1080 363 1107 contenta
381 1084 607 1118 quaecumque,
625 1074 664 1106 ab
681 1073 826 1107 omnibus
846 1078 875 1106 et
893 1073 956 1106 sin-

217 1127 309 1170 gulis,
323 1127 362 1160 ad
378 1138 456 1170 quos
473 1133 591 1170 spectat
608 1132 637 1160 et
653 1137 712 1171 pro
733 1133 873 1170 tempore
891 1136 956 1170 spe-

217 1180 323 1221 ctabit,
343 1180 564 1214 inviolabiliter
588 1179 749 1213 observari
777 1179 903 1219 debere,
921 1190 956 1212 ac

218 1234 343 1267 irritum
372 1240 401 1267 et
433 1235 542 1275 inane,
568 1234 593 1267 si
619 1245 708 1267 secus
740 1244 835 1278 super
866 1234 914 1267 his
939 1244 957 1266 a

217 1298 386 1331 quoquam,
399 1287 507 1331 quavis
532 1287 728 1328 auctoritate,
753 1287 889 1320 scienter
910 1287 956 1320 vel

217 1340 412 1384 ignoranter,
433 1341 599 1384 contigerit
624 1341 778 1375 attentari.

263 1394 278 1438 ἓ
304 1395 332 1428 7.
357 1395 508 1433 Quocirca
532 1395 645 1428 dilecto
665 1395 730 1428 filio
755 1395 908 1428 moderno
927 1399 957 1428 et

218 1458 278 1491 pro
302 1453 443 1492 tempore
461 1449 604 1481 existenti
629 1453 738 1482 nostro
763 1453 793 1481 et
817 1448 904 1482 Sedis
921 1449 958 1481 A·

217 1501 388 1545 postolieae
414 1502 444 1534 in
469 1502 574 1544 regnis
598 1501 817 1545 Hispaniarum
842 1501 957 1534 nuncio

219 1564 254 1587 ac
278 1555 392 1588 dilecto
415 1555 481 1588 silio
498 1555 604 1588 euriae
622 1565 788 1588 causarum
814 1565 957 1588 camerae

217 1609 407 1652 apostolicae
424 1609 563 1651 generali
588 1609 724 1642 auditori
741 1619 797 1653 per
813 1619 958 1653 praesen-

218 1666 264 1694 tes
288 1662 515 1695 committimus
532 1667 562 1695 et
582 1662 778 1704 mandamus,
803 1667 957 1706 quatenus

218 1713 294 1758 ipsi,
313 1715 360 1748 vel
382 1715 460 1748 alter
485 1726 612 1757 eorum,
630 1726 687 1759 per
711 1726 760 1757 se,
782 1715 829 1748 vel
849 1716 957 1757 alium,

219 1778 274 1801 seu
290 1768 377 1810 alios,
394 1775 575 1812 praesentes
591 1769 720 1810 litteras,
734 1773 763 1803 et
778 1769 809 1802 in
826 1770 871 1802 eis
887 1780 958 1803 con-

220 1826 304 1854 tenta
328 1832 561 1866 quaecumque,
588 1822 639 1855 ubi
669 1828 698 1855 et
727 1822 853 1866 quando
877 1833 957 1867 opus

218 1873 324 1915 suerit,
341 1880 371 1907 et
390 1875 513 1918 quoties
538 1885 596 1919 pro
617 1880 706 1918 parte
723 1875 879 1910 dictorum
903 1876 956 1910 de-

219 1933 401 1972 putatorum
431 1934 460 1961 et
489 1928 742 1971 congregationis
769 1939 891 1962 necnon
916 1930 958 1962 in-

218 1986 336 2014 teresse
367 1981 550 2014 habentium
575 1982 691 2014 suerint
715 1982 876 2025 requisiti,
901 1994 954 2017 so-

219 2035 365 2068 lemniter
380 2035 586 2079 publicantes,
603 2036 710 2080 eisque
728 2037 758 2068 in
775 2037 957 2080 praemissis

219 2089 353 2122 efficacis
377 2089 566 2122 defensionis
590 2089 748 2133 praesidio
768 2090 956 2133 assistentes,

219 2142 332 2176 saciant
345 2143 529 2176 auctoritate
549 2145 656 2177 nostra
673 2143 796 2177 easdem
811 2154 958 2187 praesen-

219 2202 265 2230 tes
289 2197 418 2237 litteras,
439 2202 469 2230 et
488 2197 519 2229 in
539 2197 583 2230 eis
603 2202 748 2230 contenta
767 2197 958 2239 huiusmodi,

220 2251 260 2283 ab
284 2251 439 2292 omnibus,
464 2250 503 2284 ad
527 2262 606 2294 quos
630 2256 758 2295 spectat,
776 2251 959 2285 inviolabili-

221 2309 268 2336 ter
291 2304 462 2337 observari.
482 2303 734 2338 Contradictores
754 2304 912 2348 quoslibet
929 2311 960 2338 et

220 2357 353 2390 rebelles
367 2368 423 2400 per
440 2358 616 2400 sententias,
631 2368 780 2391 censuras
797 2364 827 2391 et
842 2369 959 2402 poenas

221 2411 455 2453 ecclesiasticas,
480 2411 602 2454 aliaque
626 2417 804 2455 opportuna
829 2412 906 2445 iuris
930 2417 960 2445 et

221 2463 292 2498 sacti
326 2465 486 2506 remedia,
521 2465 729 2510 appellatione
763 2465 958 2510 postposita,

221 2519 462 2562 compescendo,
487 2519 629 2553 invocato
653 2519 747 2552 etiam
772 2518 810 2551 ad
834 2519 909 2560 hoc,
935 2518 960 2552 si

222 2582 300 2616 opus
325 2573 427 2614 suerit,
451 2573 566 2607 auxilio
592 2573 714 2606 brachii
738 2573 897 2606 secularis.

266 2625 322 2670 §8.
336 2627 402 2660 Non
416 2626 611 2661 obstantibus
624 2627 770 2660 omnibus
787 2627 857 2669 illis,
875 2636 955 2672 quae

988 325 1122 369 obstare,
1139 327 1314 371 ceterisque
1339 326 1505 360 contrariis
1521 325 1728 370 quibuscum-

987 389 1058 423 que.

1032 432 1144 465 Datum
1169 433 1296 473 Romae,
1322 432 1404 476 apud
1432 432 1460 466 S.
1491 432 1638 473 Petrum,
1670 432 1728 465 sub

988 486 1104 519 annulo
1141 485 1333 528 Piscator-is,
1370 485 1419 518 die
1458 496 1512 520 xxi
1548 485 1729 520 novembris

987 548 1151 579 mcxxxv,
1171 539 1372 583 pontificatus
1385 539 1485 572 nostri
1504 549 1585 573 anno
1602 549 1668 573 x111.

1023 601 1082 630 Dat.
1098 601 1143 630 die
1159 601 1190 630 21
1207 601 1365 630 novembris
1378 602 1454 637 1635,
1471 602 1566 638 pontif.
1584 610 1654 631 anno
1669 607 1727 630 xxti.

1280 743 1436 778 DXXXHI.

992 823 1083 866 Quod
1107 824 1222 858 nullus
1245 825 1390 869 fratrum
1409 824 1541 859 Ordinis
1556 825 1730 858 Praedica-

1035 881 1151 918 torum,
1164 888 1222 921 per
1235 888 1276 918 se,
1289 878 1338 911 vel
1355 878 1472 919 alium,
1486 879 1652 921 neqotium
1665 878 1729 911 ali-

1033 930 1120 975 quod
1143 935 1282 964 tractare
1307 930 1426 964 audeat
1450 931 1486 964 in
1511 931 1661 965 Romami
1677 941 1730 964 cit-

1032 985 1110 1025 rici,
1138 984 1321 1017 inconsulto
1347 988 1557 1028 procuratore
1585 983 1732 1028 qenerali

1033 1037 1114 1071 dicti
1139 1037 1285 1072 Ordinis.

1192 1118 1327 1145 Urbanus
1347 1117 1426 1152 Papa
1445 1118 1524 1151 vm,

1138 1164 1174 1190 ad
1193 1163 1325 1190 futuram
1343 1163 1387 1190 rei
1407 1162 1588 1190 memoriam.

1035 1234 1049 1278 §
1074 1233 1103 1266 1.
1129 1233 1251 1277 Exponi
1275 1233 1366 1267 nobis
1390 1243 1492 1276 nuper
1511 1232 1583 1265 secit
1599 1232 1731 1266 dilectus
1746 1246 1929 1295 &campora-iiu-

1777 1280 1816 1294 [151
1853 1280 1857 1293 l
1909 1289 1913 1294 .

990 1286 1073 1320 silius
1097 1287 1283 1320 Franciscus
1302 1286 1482 1320 Galassinus
1498 1285 1623 1320 Ordinis
1644 1286 1732 1319 Prae-

990 1340 1165 1374 dicatorum
1179 1345 1367 1384 procurator
1380 1339 1544 1383 generalis,
1555 1339 1650 1382 quod,
1659 1339 1731 1372 licet

991 1405 1049 1438 per
1065 1393 1191 1427 decreta
1217 1393 1428 1437 capitulorum
1446 1393 1642 1436 generalium
1656 1392 1731 1426 dicti

991 1447 1115 1481 Ordinis
1138 1447 1344 1492 prohibeatur
1364 1446 1503 1480 eiusdem
1519 1445 1645 1480 Ordinis
1661 1456 1733 1490 pro-

991 1500 1174 1541 fessoribus,
1198 1500 1256 1533 sub
1278 1500 1372 1533 certis
1390 1499 1466 1533 inibi
1484 1499 1642 1543 expressis
1660 1509 1732 1543 poe-

991 1555 1056 1596 nis,
1081 1565 1136 1597 ne,
1161 1565 1219 1598 per
1243 1564 1291 1595 se,
1318 1554 1365 1587 vet
1389 1564 1445 1597 per
1470 1553 1581 1596 alium,
1606 1563 1664 1597 pro
1689 1563 1731 1593 se,

992 1609 1040 1641 vel
1064 1619 1124 1653 pro
1149 1608 1220 1649 alio,
1239 1608 1333 1642 etiam
1350 1612 1513 1652 praetextu
1535 1606 1731 1651 procuratio-

991 1662 1040 1695 nis
1069 1661 1117 1695 vel
1149 1661 1381 1695 commissionis
1409 1661 1467 1694 sibi
1498 1661 1587 1694 datae
1612 1671 1630 1693 a
1657 1670 1732 1704 pro-

991 1715 1063 1760 pria
1085 1715 1249 1760 provincia
1272 1716 1320 1748 vel
1344 1715 1439 1748 domo
1461 1714 1616 1758 regulari,
1639 1724 1733 1757 nego-

993 1769 1070 1802 tium
1093 1765 1230 1814 aliquod,
1256 1769 1482 1814 euiuscumque
1506 1769 1584 1802 illud
1608 1769 1733 1813 generis

992 1823 1053 1864 sit,
1085 1823 1323 1867 quomodolibet
1353 1827 1510 1864 tractare,
1542 1833 1732 1867 procurare,

993 1877 1151 1918 inchoare,
1176 1882 1230 1910 aut
1253 1881 1406 1911 attentare
1431 1876 1575 1917 audeant,
1595 1876 1654 1909 nisi
1674 1886 1732 1920 per

992 1941 1050 1974 pro
1069 1936 1211 1974 tempore
1228 1931 1412 1965 existentem
1431 1930 1505 1964 dicti
1522 1929 1647 1964 Ordinis
1663 1940 1734 1973 pro-

993 1991 1171 2019 curatorem
1196 1984 1387 2027 generalem,
1412 1984 1460 2016 vel
1483 1983 1521 2016 de
1543 1983 1611 2016 eius
1635 1982 1732 2023 scitu,

993 2041 1023 2069 et
1047 2038 1194 2080 expressa
1219 2037 1250 2069 in
1277 2037 1402 2080 scriptis
1426 2036 1560 2078 licentia,
1587 2041 1617 2069 et
1640 2036 1732 2077 alias,

993 2094 1088 2134 prout
1110 2091 1141 2122 in
1165 2090 1255 2124 dictis
1279 2090 1413 2124 decretis
1438 2090 1530 2123 latius
1554 2089 1733 2124 continetur

994 2144 1111 2176 tenoris
1135 2143 1366 2187 subsequentis,
1392 2143 1555 2177 videlicet:

1037 2196 1081 2230 Ex
1113 2195 1233 2230 actibus
1264 2196 1392 2241 capituli
1424 2196 1581 2240 generalis
1614 2197 1732 2231 Romae

993 2260 1113 2283 imcxn.

1037 2303 1250 2337 Admonemus
1275 2313 1384 2337 omnes
1408 2314 1443 2336 ac
1468 2303 1609 2346 singulos
1633 2304 1732 2337 nostri

993 2357 1118 2391 Ordinis
1142 2362 1248 2401 patres
1282 2367 1317 2390 ac
1352 2357 1481 2397 fratres,
1506 2356 1733 2400 cuiuscumque

993 2411 1119 2454 gradus,
1136 2414 1233 2445 status
1257 2416 1288 2443 et
1311 2410 1499 2443 conditionis
1517 2410 1659 2450 existant,
1678 2409 1734 2442 eis-

993 2465 1127 2510 demque
1153 2465 1240 2499 iustis
1265 2464 1303 2497 de
1331 2464 1453 2505 causis,
1478 2469 1508 2497 et
1532 2463 1570 2497 ad
1595 2464 1733 2497 tollenda

993 2519 1198 2562 evitandaque
1228 2517 1428 2551 incommoda
1458 2518 1555 2550 multa
1587 2528 1666 2561 quae
1701 2517 1733 2550 in

993 2571 1059 2605 dies
1074 2572 1151 2606 oriri
1169 2571 1399 2615 cognoscimus
1418 2571 1449 2603 in
1471 2571 1583 2604 virtute
1597 2570 1733 2614 Spiritus

993 2625 1096 2661 Sancti
1121 2631 1151 2659 et
1174 2630 1298 2659 sanctae
1323 2624 1530 2665 obedientiae,
1551 2628 1581 2657 et
1597 2624 1655 2659 sub
1670 2625 1734 2659 sor-

1630 214 1694 248 509
1740 224 1791 251 An.
1808 223 1838 250 c.
1855 223 1924 252 1635
