2221 3224
203 223 252 249 An.
267 223 296 251 C.
316 225 381 253 1628

228 1398 375 1424 Transumpto·

193 1430 239 1446 rum
255 1425 314 1446 fides.

220 1769 338 1790 Publicatio
357 1770 376 1789 in

193 1795 251 1818 Urbe
267 1803 337 1817 onmes
352 1797 375 1817 ii-

194 1825 236 1849 nat.

428 217 469 250 ie
978 228 1158 252 BULLARIUM

403 275 580 317 praedictis,
594 276 650 307 sul)
665 276 913 319 quibuscumque
937 276 1099 309 tenoribus
1113 281 1142 308 et

402 328 520 364 formis,
546 339 581 359 ac
607 339 675 360 cum
702 329 872 370 quibusvis,
894 329 986 360 etiarn
1013 328 1143 371 deroga-

402 381 552 413 toriarum
572 381 787 422 (lei-‹gigatoi-iis,
807 382 938 423 aliisque
958 381 1140 414 efficaciori-

400 433 458 465 bus
476 439 505 464 et
527 434 656 465 insolitis
675 433 830 470 clausulis,
847 444 882 465 ar.
900 434 1095 466 irritantibus
1113 440 1142 466 et

399 485 467 517 aliis
488 486 629 525 dei-retis,
654 486 682 516 in
700 496 815 527 genere
837 487 881 518 vel
905 486 935 518 in
961 487 1080 529 specie,
1106 496 1141 519 ac

399 538 483 575 alias,
499 538 528 569 in
544 539 734 570 contrarium
755 539 992 580 quomodolibet
1013 549 1140 572 conces-

399 590 452 629 sis,
478 591 670 623 contii-maiis
692 596 721 622 et
747 592 917 630 innovatis;
943 592 1057 635 quibus
1077 603 1142 625 om-

397 644 489 675 nibus
508 649 536 675 et
555 644 696 683 singulis,
711 645 842 683 etiamsi,
861 655 918 687 pro
941 645 1067 677 illorum
1082 646 1141 677 suf-

397 696 511 728 ficienti
538 697 762 738 derogatione,
788 698 826 729 de
852 698 934 737 illis,
967 708 1140 742 eorumque

398 751 468 782 totis
482 750 641 781 tenoribus
651 751 805 793 specialis.
822 751 977 794 specifica,
991 761 1139 794 expressa

396 807 426 834 et
451 802 618 841 individua,
638 813 672 834 ac
690 803 727 835 de
746 803 842 835 verbo
860 803 896 835 ad
915 804 1057 845 verbum,
1076 814 1137 837 non

396 862 497 892 autem
525 866 580 898 per
605 856 758 888 clausulas
784 857 947 899 generales
973 856 1053 890 idem
1084 858 1139 890 im-

394 914 565 951 ponantes,
579 910 694 941 mentio
705 920 759 941 seu
769 910 896 953 quaevis
906 911 966 942 alia
976 911 1138 954 expressio

395 961 537 993 habenda
563 968 612 993 aui
642 962 743 1005 aliqua
770 963 829 995 alia
856 964 1009 1006 exquisita
1036 964 1137 997 forma

394 1014 432 1046 ad
452 1015 508 1047 hoc
524 1016 674 1047 servanda
700 1017 788 1055 foret,
816 1021 938 1049 tenores
957 1017 1136 1051 huiusmodi

393 1068 609 1110 praesentibus
635 1080 691 1111 pro
718 1070 807 1112 plone
829 1076 858 1101 et
878 1070 1069 1103 sufficienter
1086 1081 1135 1103 ex-

393 1120 511 1163 pressis
544 1126 572 1154 et
597 1122 632 1152 ad
661 1123 788 1154 vei-buin
816 1122 940 1154 insertis
966 1123 1136 1164 habentes,

392 1173 452 1205 illis
476 1174 550 1205 ali-iis
569 1174 598 1205 in
617 1185 673 1207 suo
692 1175 805 1207 robore
830 1176 1056 1218 permansuris,
1079 1177 1135 1210 hac

393 1226 458 1258 vice
485 1227 644 1259 dumtaxat
669 1229 847 1271 specialiter
872 1235 901 1261 et
919 1240 1067 1272 expresse
1085 1230 1133 1263 de-

392 1289 558 1321 rogamus3
595 1281 771 1325 ceterisque
804 1282 971 1315 contrariis
1004 1284 1134 1327 quibus-

392 1343 535 1376 cultique.

437 1387 450 1429 ξ
468 1386 495 1418 5.
517 1387 665 1420 Volumus
680 1394 794 1428 autem,
815 1389 897 1432 quod
920 1390 1133 1432 praesentium

393 1441 604 1483 transumptis,
615 1442 706 1473 etiam
721 1442 993 1485 impi·essis‚manu
1004 1444 1134 1476 alicuius

392 1493 503 1525 notarii
525 1495 639 1537 publici
662 1496 863 1539 subscriptis,
886 1502 916 1528 et
941 1497 1045 1539 sigillo
1063 1508 1133 1541 per-

393 1557 486 1579 sonae
504 1548 534 1579 in
552 1549 702 1591 dignitate
720 1550 930 1583 ecclesiastica
948 1552 1134 1584 constitutae

392 1601 528 1642 munitis,
555 1602 661 1634 eaijlem
688 1614 817 1645 prorsus
835 1603 913 1636 fides
930 1604 1133 1645 adhibeatur,

392 1664 471 1696 quac
497 1655 713 1697 praesentibus
738 1656 957 1698 adhiberetur,
982 1657 1007 1690 si
1032 1658 1134 1691 forent

392 1707 545 1739 exhibitae
572 1709 616 1740 vel
643 1714 801 1748 ostensae3

436 1761 450 1803 ἓ
475 1764 502 1794 b‘.
529 1762 677 1804 Qumique
702 1763 828 1795 eaedem
854 1769 1035 1807 praesentes
1052 1764 1133 1798 litte-

392 1824 445 1845 rae
471 1825 523 1846 seu
550 1816 672 1847 illarum
699 1817 839 1859 exempla
864 1817 901 1849 ad
928 1818 1030 1850 valvas
1055 1818 1134 1851 basi-

392 1867 521 1900 licarum
549 1868 576 1900 S.
604 1869 726 1900 loannis
752 1870 970 1903 Lateranensis
988 1881 1023 1903 ac
1044 1871 1132 1903 Prin-

392 1920 470 1963 cipis
494 1923 713 1963 Al‘ujistoloiiim
752 1923 788 1955 de
827 1923 927 1963 Urbe,
953 1930 982 1956 et
1006 1924 1037 1956 in
1068 1925 1132 1957 acie

392 1973 496 2016 Campi
524 1975 631 2006 Florae
657 1976 756 2013 al‘lixa,
778 1986 886 2008 omnes
908 1977 948 2010 ita
963 1983 1083 2010 arctent
1103 1983 1133 2010 et

393 2026 538 2065 afficiant,
564 2038 597 2059 ac
624 2028 646 2059 si
675 2029 842 2071 unicuique
862 2030 1071 2073 personaliter
1089 2030 1132 2062 in-

393 2079 534 2112 tiiiiatae¹
563 2081 700 2113 luissent.

436 2133 545 2165 Datum
573 2135 698 2175 Itomae,
724 2135 806 2178 apud
834 2135 862 2169 S.
887 2136 1016 2169 Mariam
1041 2137 1133 2170 Maio-

392 2197 470 2225 rem,
496 2188 552 2219 sub
579 2190 692 2221 annulo
719 2189 894 2229 Piscaioiis,
920 2189 970 2222 die
994 2200 1037 2223 xil
1062 2201 1131 2234 sep-

392 2241 522 2273 tembris
558 2252 748 2279 iinexxviii,
786 2243 988 2286 pontificatus
1032 2243 1131 2276 nostri

393 2304 473 2326 anno
500 2305 539 2327 rr

427 2356 485 2383 Dat.
503 2357 544 2384 die
564 2359 594 2383 it
609 2359 769 2393 septembris
788 2359 864 2392 1628,
882 2358 976 2393 pontif·
991 2366 1060 2385 anno
1076 2364 1111 2386 Π.

437 2455 533 2488 Anno
558 2466 705 2493 iiostxxix,
731 2457 909 2489 inflictione.
933 2467 994 2497 xii,
1022 2457 1130 2500 ponti-

392 2508 505 2549 ficatus
531 2514 634 2540 aulem
663 2510 715 2542 SS.
741 2510 775 2541 Ῑ).
798 2510 837 2542 Ν.
862 2510 973 2552 Papae
997 2510 1132 2542 Domini

396 2560 517 2593 Urbani
540 2562 650 2593 (lirina
674 2562 877 2604 providentia
902 2564 1013 2606 Papae
1054 2562 1149 2596 HJJ*

429 2624 442 2651 1
459 2622 531 2650 Edit.
546 2623 624 2650 Mani.
642 2624 723 2651 habet
740 2625 875 2653 intimata
890 2631 926 2660 tii.
938 2624 987 2660 Τ.).

1183 228 1337 252 Romnum

1175 287 1261 308 anno
1289 277 1356 308 eius
1380 281 1478 317 senato,
1505 277 1557 310 die
1571 287 1644 310 vero
1670 276 1775 316 lunae,
1803 277 1915 310 octava

1175 330 1333 370 ianuarii,
1354 331 1579 374 retroscriptae
1596 331 1722 364 litterae
1745 331 1865 373 affioeae
1885 335 1916 364 et

1173 383 1356 428 pultis-atae
1371 384 1500 426 fuerunt
1517 385 1559 417 ad
1574 385 1683 418 valvas
1700 385 1914 418 basilicarum

1175 435 1206 467 S.
1244 435 1380 468 Ioannis
1412 436 1641 470 Laterauensis
1676 448 1713 470 ac
1743 437 1914 480 Principis

1174 488 1403 530 Apostolorum
1427 489 1464 521 de
1491 490 1571 522 Urbe
1594 495 1623 523 et
1647 491 1683 523 in
1707 491 1774 523 acie
1799 490 1915 533 Campi

1175 541 1308 580 Florae,
1341 546 1377 574 ul
1409 543 1508 575 moris
1537 548 1598 584 est,
1631 554 1689 587 per
1713 554 1769 577 nos
1799 544 1910 577 Fran-

1173 595 1292 627 ciscum
1313 595 1542 638 Plynoccalum
1562 601 1591 629 et
1608 597 1797 641 Pompeium
1817 597 1913 631 Οἰτα-

1173 658 1260 687 num,
1278 648 1421 681 eiusdem
1437 648 1492 682 SS.
1510 649 1549 682 D.
1566 649 1606 683 N.
1623 650 1735 694 Papae
1759 660 1911 684 cursores.

1485 799 1576 834 CCCV
1586 799 1604 833 ¹.

1174 876 1266 917 Quod
1277 877 1314 910 in
1328 881 1389 911 {oto
1406 878 1525 912 Ordine
1537 880 1681 923 fratrum
1690 878 1913 914 Eremilarum

1215 929 1246 964 S.
1263 931 1442 973 Anyuslim'
1458 932 1557 972 nulli,
1580 936 1711 976 praeter
1727 942 1777 965 eos
1796 933 1914 976 quibus

1215 982 1252 1015 de
1276 984 1349 1016 iure
1374 985 1467 1017 iuxta
1491 985 1571 1017 dicti
1605 984 1738 1019 Ordinis
1760 987 1914 1019 constitu-

1216 1037 1315 1069 tiones
1340 1038 1499 1080 competit,
1522 1038 1616 1071 liceat
1635 1049 1739 1071 vocem
1760 1038 1793 1072 in
1817 1039 1910 1082 capi-

1216 1089 1293 1122 tulis
1308 1090 1568 1133 provincialibus
1582 1091 1701 1124 habere
1713 1089 1733 1123 ⁹.

1379 1168 1515 1196 Urbanus
1532 1170 1610 1203 Papa
1626 1170 1704 1202 VIII,

1283 1213 1318 1239 ad
1334 1217 1510 1247 perpetuam
1525 1215 1571 1241 rei
1591 1215 1771 1242 memoriam.

1212 1283 1306 1322 Alias,
1326 1295 1383 1328 per
1406 1285 1504 1318 felicis
1521 1285 1748 1319 recordationis
1768 1285 1910 1320 Clemen-

1169 1341 1230 1369 tem
1257 1337 1370 1380 Papam
1390 1338 1454 1371 Vlll
1472 1339 1747 1382 praedecessorem
1766 1345 1910 1373 nostrum

1170 1390 1249 1423 inter
1265 1390 1325 1422 alia
1345 1397 1486 1435 accepto,
1504 1392 1589 1436 quod
1607 1393 1637 1424 in
1654 1393 1823 1436 provinciis
1840 1392 1911 1426 Bae-

1170 1443 1239 1483 tica,
1264 1444 1434 1485 Mexieana,
1453 1445 1491 1477 de
1519 1445 1735 1486 Mechoacana‚
1753 1445 1801 1478 del
1819 1445 1910 1486 Pert'i,

1169 1496 1216 1529 del
1235 1497 1325 1536 Quito
1345 1498 1417 1530 novi
1431 1499 1531 1541 regni,
1552 1498 1676 1532 Ordinis
1693 1499 1823 1531 fratrum
1838 1499 1911 1532 Ere-

1169 1551 1316 1583 mitaruni
1342 1551 1370 1584 S.
1397 1552 1573 1594 Augustini,
1599 1558 1651 1584 aut
1672 1551 1829 1595 aliquibus
1846 1552 1911 1584 illa-

1168 1615 1254 1646 runi,
1280 1605 1427 1648 permulti
1453 1616 1561 1639 vocem
1587 1606 1618 1638 in
1643 1606 1848 1639 electionibus
1873 1615 1910 1639 ex

1168 1657 1268 1700 gratia
1289 1657 1471 1700 habuerant,
1487 1669 1521 1691 ex
1537 1669 1599 1702 quo
1613 1664 1743 1702 propter
1760 1668 1908 1701 magnum

1170 1710 1323 1744 vocalium
1348 1721 1515 1744 numerum
1544 1712 1576 1744 in
1608 1712 1750 1756 capitulis
1774 1713 1907 1756 provin-

1204 1825 1214 1850 1
1231 1824 1352 1859 Sequens
1368 1824 1529 1851 Constitutio
1545 1824 1597 1851 iam
1613 1824 1674 1851 data
1690 1824 1778 1852 fuerat
1796 1825 1823 1852 iu
1843 1825 1908 1853 edit.

1167 1868 1244 1895 illain.
1257 1868 1282 1894 in
1299 1873 1361 1895 tom.
1375 1875 1400 1901 v,
1418 1873 1487 1903 part.
1500 1876 1527 1901 v,
1545 1877 1603 1904 pag.
1623 1869 1673 1896 326
1690 1870 1704 1896 b
1720 1874 1746 1896 et
1763 1878 1820 1905 seq.
1840 1874 1910 1897 tam-

1166 1921 1248 1948 quam
1261 1913 1392 1948 appendix
1405 1914 1435 1940 ati
1449 1914 1538 1940 Const.
1551 1920 1612 1940 cxxi
1623 1914 1659 1947 (in
1673 1913 1698 1940 h.
1709 1922 1736 1941 n.
1748 1914 1791 1941 ed.
1803 1914 1909 1949 cxxxiv)

1166 1958 1216 1984 sub
1241 1957 1350 1984 rubrica
1375 1959 1487 1984 erronea
1511 1959 1582 1993 quod
1605 1962 1677 1985 esset
1695 1959 1816 1985 extensio
1838 1960 1910 1986 Con-

1166 2002 1314 2029 stitutionis
1339 2002 1482 2029 Clementis
1501 2003 1562 2028 viii
1582 2006 1644 2038 (qua
1669 2003 1776 2030 sublata
1801 2002 1909 2029 fuerant

1166 2047 1290 2082 suffragia
1310 2055 1340 2074 ex
1360 2047 1446 2082 gratia
1466 2055 1592 2074 concessa
1613 2047 1639 2073 in
1660 2047 1784 2082 capitulis
1799 2047 1909 2082 provin-

1166 2091 1280 2118 cialibus
1301 2090 1409 2118 Ordinis
1429 2090 1542 2117 fratrum
1562 2091 1745 2117 Eremitarum
1765 2091 1791 2117 S.
1813 2092 1907 2126 Augu-

1165 2135 1240 2168 stini)
1259 2134 1292 2161 ad
1313 2142 1406 2161 omnes
1427 2134 1578 2168 provincias
1598 2134 1690 2161 ltaliae
1711 2135 1847 2169 totiusque
1861 2133 1908 2161 Or-

1165 2178 1250 2210 dinis;
1267 2187 1326 2205 cum
1343 2187 1357 2204 e
1372 2182 1465 2204 contra
1476 2179 1597 2205 extensio
1609 2178 1642 2204 ad
1655 2178 1805 2213 provincias
1817 2178 1908 2205 ltaliae

1165 2223 1216 2249 iam
1236 2227 1403 2257 supponatur
1427 2222 1497 2248 facta
1511 2243 1517 2253 ,
1538 2222 1598 2248 heic
1622 2226 1712 2248 autem
1733 2229 1828 2257 agatur
1847 2227 1906 2249 tan-

1166 2266 1303 2293 tummodo
1324 2266 1356 2293 de
1376 2266 1498 2293 eiusdem
1518 2266 1673 2293 extensione
1698 2266 1730 2293 ad
1756 2266 1908 2301 provincias

1167 2311 1245 2338 tutius
1264 2311 1380 2337 Ordinis.
1411 2311 1462 2337 Nos
1487 2318 1539 2337 una
1560 2311 1616 2337 vice
1640 2315 1742 2337 tantum
1763 2310 1859 2337 damus
1878 2310 1906 2337 iu

1165 2356 1192 2382 in
1212 2356 1264 2382 hoc
1288 2356 1354 2382 loco.
1378 2354 1503 2381 Ceterum
1527 2356 1618 2382 Const.
1641 2354 1783 2382 Clementis
1803 2354 1860 2382 VIII
1880 2358 1906 2381 et

1166 2400 1252 2435 prima
1272 2401 1328 2426 eius
1349 2399 1468 2426 extensio
1489 2399 1522 2425 ad
1547 2399 1698 2435 provincias
1723 2399 1813 2426 ltaliae
1837 2399 1906 2426 faeta

1166 2453 1212 2480 per
1232 2444 1370 2471 Urbanum
1390 2452 1443 2470 non
1463 2448 1525 2470 sunt
1544 2444 1570 2470 in
1590 2444 1723 2471 Bullario
1738 2445 1779 2478 (R.
1796 2443 1843 2478 T.).

1200 2490 1215 2515 2
1239 2490 1279 2516 De
1302 2489 1345 2515 his
1369 2489 1499 2515 fratribus
1525 2489 1585 2515 vide
1610 2488 1635 2515 in
1662 2487 1904 2515 Constitutionibus

1166 2533 1389 2569 praecedentibus
1412 2537 1438 2560 et
1463 2533 1607 2568 praecipue
1634 2533 1661 2559 in
1687 2534 1777 2559 Const.
1798 2537 1902 2565 ccxiiii,

1165 2579 1309 2605 Romanus
1330 2578 1477 2612 Pontifeae,
1498 2582 1562 2605 tom.
1584 2583 1641 2612 xiii,
1663 2584 1723 2612 pag.
1744 2576 1812 2609 504;
1833 2577 1903 2604 Con—

1164 2625 1220 2652 stit.
1239 2630 1348 2659 cxxxiv,
1368 2624 1528 2659 Romanus,
1542 2623 1608 2651 ibid.
1624 2631 1686 2659 pag.
1703 2622 1764 2650 320.

1921 227 1972 255 An.
1992 227 2022 256 C.
2043 226 2112 255 i628

1952 1294 2073 1317 Exordium.
