2248 3229
2214 129 2217 137 Δ
2195 0 2217 119 nin-,A

224 233 272 261 An.
290 234 319 262 C.
343 233 409 261 1538
456 225 518 258 672
1004 229 1182 254 nummum
1211 228 1363 252 ROMANUM
1942 226 1991 254 An.
2012 227 2040 254 c,
2063 226 2129 254 ¹638

423 291 610 327 quemquam
622 279 813 324 praedictam
827 279 963 312 tunicam
978 277 1158 319 oblongam,
1176 278 1178 315 l
1193 281 1277 308 terae
1302 275 1340 307 ad
1365 275 1506 308 omniurn
1537 285 1616 318 quos
1644 275 1715 308 illae
1738 281 1931 309 concernunt

424 346 493 368 cum
519 334 566 366 vel
590 333 656 365 sine
680 331 848 371 mantello,
874 331 992 372 absque
1016 329 1160 372 superio·
1176 316 1178 377 ἶ
1193 328 1335 361 notitiam
1350 328 1470 360 facilius
1484 327 1658 368 deveniant,
1680 328 1835 369 volumus,
1847 329 1930 372 quod

423 399 493 421 rum
523 386 701 431 praedictae
738 383 900 427 religionis
935 383 1090 415 Minorum
1122 380 1931 424 de³illarumt1·ansumptis,etiamimpressis‚1nanu

423 439 623 474 Observantia
648 443 676 472 et
701 437 838 470 cuiusvis
856 435 986 468 instituti
1014 445 1069 467 seu
1087 445 1160 468 con-
1177 436 1178 471 l
1194 434 1324 467 alicuius
1353 433 1466 466 notarii
1493 433 1612 478 publici
1629 434 1824 477 subscriptis,
1844 440 1874 467 et
1890 435 1930 467 si-

422 492 613 537 gregationis
634 490 758 524 Ordinis
782 489 921 522 eiusdem
946 488 1043 521 saneti
1061 488 1159 520 Fran·
1177 477 1178 511 l
1193 487 1268 530 gillo
1300 496 1452 530 personae
1487 487 1519 518 in
1547 485 1697 528 dignitate
1721 486 1930 519 ecclesiastica

422 546 495 579 cisci
520 544 645 577 licentia
670 544 701 576 in
729 542 855 586 scriptis
879 541 1015 581 obtenta,
1033 552 1160 584 quoquo
1194 541 1377 574 constitutae
1403 539 1540 579 munitis,
1566 539 1673 572 eadem
1699 549 1830 582 prorsus
1854 539 1931 573 fides

421 598 514 632 modo
527 598 649 630 deferre
661 596 852 640 permittant;
867 594 1009 637 utque,si
1023 594 1158 638 aliquem
1194 594 1224 626 in
1245 594 1360 626 iudicio
1385 597 1415 627 et
1438 598 1524 626 extra
1542 593 1616 625 illud
1641 592 1836 633 adhibeatur,
1853 604 1931 636 quae

420 651 666 696 praemissorum
685 655 951 691 transgressorem
973 647 1159 690 repererint,
1177 688 1178 693 1
1194 648 1269 691 ipsis
1289 647 1505 690 praesentibus
1533 646 1747 686 adhiberetur,
1776 645 1801 678 si
1831 646 1932 679 forent

420 705 507 737 illum
533 702 651 736 carceri
684 701 948 744 mancipandum,
973 700 1027 732 tali
1052 700 1160 732 habitu
1193 700 1351 733 exhibitae
1370 701 1417 732 vel
1436 704 1587 733 ostensae.

420 754 607 794 exuendum,
626 759 655 785 et
675 752 850 784 arbitrariis
874 751 983 794 poenis
1010 751 1160 783 mulctan-

419 808 493 841 dum
519 806 779 840 irremissibiliter
799 810 924 844 curent;
947 809 976 837 et
995 809 1159 848 praeterea

418 860 535 894 nemini
555 859 674 892 licitum
701 859 822 894 saciant,
841 857 962 890 etiamsi
983 857 1159 901 praedictae

418 913 581 956 religionis
601 912 755 944 Minorum
781 911 819 943 dc
841 910 1046 944 observantia
1064 916 1094 943 et
1110 921 1159 943 eu-

418 967 514 1001 iusvis
531 965 661 999 instituti
680 975 734 997 seu
751 963 1004 1006 congregationis
1022 963 1158 996 universi

419 1020 543 1054 Ordinis
559 1018 739 1051 huiusmodi
757 1017 956 1061 superiorum
971 1017 1087 1061 scripta
1105 1028 1159 1049 seu

419 1073 528 1118 quovis
542 1073 603 1105 alio
620 1076 783 1115 praetextu
804 1071 952 1104 roborata
969 1070 1093 1103 licentia
1111 1070 1159 1102 de-

419 1138 512 1172 super
536 1126 720 1167 accesserit‚
746 1130 779 1157 ut
810 1124 951 1157 habitum
978 1124 1158 1156 huiusmodi

419 1192 490 1214 cum
521 1180 684 1224 praedicto
714 1178 856 1222 caputio,
882 1178 929 1210 rel
958 1177 1078 1218 tunica,
1104 1188 1158 1210 seu

419 1234 579 1273 mantello,
599 1238 633 1264 ut
650 1232 837 1276 praelertur,
855 1235 986 1263 consuto
1007 1230 1158 1271 deserant,

419 1288 540 1321 sublata
565 1286 703 1319 eiusdem
730 1285 854 1318 Ordinis
871 1284 1100 1328 superioribus,
1118 1284 1160 1327 ip-

1176 754 1178 763 l

1236 754 1347 786 Datum
1375 754 1502 793 Romae,
1523 752 1607 796 apud
1631 753 1659 785 S.
1682 752 1811 785 Mariam
1836 751 1931 785 Maio-

1194 817 1271 847 rem,
1286 807 1344 839 snb
1363 807 1478 839 annulo
1500 805 1678 846 piscatoris,
1695 805 1745 838 die
1762 815 1781 838 v
1795 805 1932 838 octobris

1193 871 1391 901 Mncxxxvin,
1405 859 1605 904 pontificatus
1621 859 1722 893 nostri
1735 869 1816 892 anno
1829 869 1894 892 xv1.

1230 924 1286 950 Dat.
1305 923 1348 949 die
1363 923 1379 949 5
1400 921 1519 949 octobris
1536 921 1618 956 1638,
1640 921 1734 956 pontif.
1754 929 1824 948 anno
1839 928 1893 948 xw.

1176 1014 1177 1031 l

1175 1035 1177 1048 t

1510 1055 1619 1088 DCXX.

1192 1136 1361 1169 Decretum
1387 1145 1498 1168 sacrae
1515 1136 1641 1167 rituam
1667 1135 1932 1178 Cottyreyationis

1238 1189 1274 1222 (le
1292 1199 1355 1221 non
1374 1187 1550 1221 ieiunando
1574 1189 1610 1229 iqz
1627 1188 1744 1231 w'qilz'ct
1760 1188 1866 1220 sancti
1883 1188 1931 1222 Io-

1237 1242 1334 1274 annis
1359 1242 1528 1284 Baptistae
1553 1241 1684 1284 quando
1710 1241 1869 1284 continyit
1896 1241 1933 1273 in

1238 1295 1289 1327 die
1309 1295 1527 1327 solemnitatis
1553 1294 1702 1338 Corporis
1728 1294 1859 1328 Christi.

380 1351 391 1359 ³
419 1342 522 1384 sisque
564 1340 706 1372 locorum
743 1338 937 1379 Ordinariis,
971 1348 1006 1370 ac
1037 1337 1177 1369 nunciis*

419 1393 609 1439 apostolicis,
630 1398 660 1425 et
685 1403 793 1425 eorum
819 1392 956 1431 cuilibet,
975 1391 1084 1435 quavis
1105 1397 1178 1422 att-¹

420 1448 562 1481 ctoritate
576 1446 716 1478 licentias
728 1444 910 1478 huiusmodi
929 1444 1074 1487 cuiquam
1089 1453 1160 1476 con-

420 1500 571 1539 cedendi3
607 1510 643 1532 ac
674 1499 799 1531 deinum
836 1497 1019 1530 earumdem
1053 1503 1160 1530 tenore

420 1552 632 1598 praesentium
651 1552 795 1584 volumus
816 1556 845 1583 et
866 1550 1058 1589 ordinamus,
1075 1554 1119 1589 ut,
1137 1550 1161 1581 si

421 1607 578 1651 quispiam
603 1606 663 1638 tale
681 1605 823 1637 deserens
845 1604 1014 1647 caputium,
1029 1604 1075 1636 vel
1090 1614 1159 1636 cum

420 1661 545 1694 licentia
563 1660 610 1692 vel
636 1659 702 1692 sine
727 1661 773 1698 ea,
799 1659 942 1690 inventus
969 1657 1071 1698 suerit,
1098 1668 1161 1691 car-

421 1714 501 1747 ceris
518 1713 705 1753 detentione,
719 1712 845 1745 habitus
859 1710 1033 1754 privatione
1048 1716 1077 1744 et
1093 1711 1161 1743 aliis

421 1766 595 1800 arbitrariis
612 1766 721 1810 poenis
741 1765 779 1797 ab
800 1765 916 1797 eisdem
938 1764 1111 1797 Ordinariis
1133 1769 1162 1797 et

421 1820 544 1853 nunciis
562 1819 690 1852 omnino
707 1818 863 1862 puniatur,

1271 1375 1324 1406 Die
1349 1384 1422 1408 xxix·
1449 1374 1635 1417 septembris
1661 1384 1855 1407 uncxxxvm.

1177 1472 1178 1475 ,
1238 1445 1313 1479 Cum
1340 1455 1421 1478 anno
1446 1444 1589 1488 proxime
1618 1450 1750 1478 venturo
1775 1455 1933 1479 mcxxxix

1194 1499 1300 1541 vigilia
1318 1499 1415 1531 sancti
1440 1498 1565 1531 Ioannis
1590 1498 1744 1541 Baptistae
1769 1498 1885 1531 incidat
1903 1498 1934 1531 in

1178 1552 1275 1584 *diem
1306 1552 1512 1585 solemnitatis
1542 1552 1691 1595 Corporis
1719 1551 1853 1592 Christi,
1877 1552 1935 1585 fuit

1194 1617 1210 1638 a
1236 1605 1381 1649 pluribus
1405 1606 1550 1638 locorum
1575 1605 1748 1638 Ordinariis
1776 1605 1934 1648 supplica-

1196 1665 1260 1692 tum
1293 1659 1495 1692 Sanctissimo
1527 1669 1584 1701 pro
1619 1658 1829 1691 declaratione
1860 1658 1934 1702 quid

1194 1713 1349 1755 agendum
1382 1712 1419 1744 dc
1450 1712 1566 1744 ieiunio
1591 1722 1628 1744 eo
1653 1711 1703 1744 die
1727 1711 1933 1755 praescripto.

1195 1767 1241 1805 Et,
1255 1765 1481 1809 supplicatione
1495 1775 1552 1808 per
1568 1765 1768 1798 Sanctitatem
1785 1765 1879 1797 Suam
1896 1765 1935 1797 ad

1195 1829 1315 1851 sacram
1341 1818 1457 1850 rituum
1483 1818 1765 1860 Congregationem
1785 1818 1934 1859 remissa,

466 1873 522 1917 §3
541 1873 608 1905 Non
629 1870 823 1904 obstantibus
842 1870 1115 1902 constitutionibus
1133 1875 1161 1902 et
1196 1871 1302 1904 eadem
1315 1871 1672 1913 sacraCongregatio,1·e
1686 1876 1807 1903 mature
1821 1870 1936 1904 discus-

421 1926 672 1960 ordinationibus
685 1924 876 1968 apostolicis,
890 1935 924 1956 ac
940 1924 1013 1956 dicti
1027 1923 1161 1966 Ordinis,
1179 1940 1180 1950 κ
1196 1926 1243 1964 sa,
1266 1924 1384 1957 censuit
1417 1934 1479 1956 non
1505 1934 1572 1956 esse
1596 1923 1809 1964 ieiunandum,
1833 1934 1935 1968 neque

422 1981 514 2013 etiam
528 1980 714 2019 iuramento,
729 1978 968 2011 confirmatione
981 1977 1161 2020 apostolica,
1179 2000 1180 2013 2
1195 1977 1415 2010 abstinendum
1437 1988 1454 2009 a
1475 1978 1621 2010 carnibus
1639 1977 1670 2009 in
1690 1978 1767 2010 sesto
1792 1978 1936 2010 solemni-

422 2034 469 2066 vel
495 2043 603 2077 quavis
627 2032 774 2064 firmitate
799 2031 858 2063 alia
885 2030 1052 2070 roboratis,
1070 2025 1265 2063 statu-'tatis
1290 2031 1437 2074 Corporis
1461 2031 1591 2070 Christi,
1617 2030 1670 2063 sed
1701 2031 1934 2075 anticipandum

421 2086 460 2119 tis
481 2092 509 2119 et
527 2085 815 2124 consuetudinilms,
828 2083 1001 2127 privilegiis
1025 2094 1161 2127 quoque,
1179 2080 1181 2091 ⁴
1196 2085 1346 2117 ieiunium
1379 2084 1428 2117 die
1460 2084 1675 2127 antecedenti,
1709 2094 1823 2127 nempe
1857 2084 1934 2117 seria

421 2140 547 2174 indultis
561 2139 713 2172 etlitteris
727 2138 907 2182 apostolicis
924 2138 953 2169 in
968 2138 1160 2170 contrarium
1179 2140 1314 2184 1quarta7
1336 2143 1429 2182 prout
1452 2137 1644 2170 ieiunaretur
1668 2137 1699 2169 in
1724 2137 1792 2180 ipsa
1817 2137 1933 2180 vigilia:

422 2193 669 2239 praemissorum
714 2191 951 2236 quomodolibet
985 2191 1140 2224 concessis
1154 2218 1161 2231 ,
1179 2185 1180 2204 ¹
1195 2197 1222 2224 et
1241 2191 1338 2224 rideri
1354 2191 1446 2223 ctiam
1462 2201 1567 2223 sacrae
1584 2190 1836 2233 Congregationi,
1851 2191 1933 2234 quod

423 2247 614 2281 confirmatis
631 2250 659 2279 et
684 2246 850 2283 innovati&
876 2245 991 2288 (puluis
1015 2245 1161 2277 omnibus
1179 2247 1180 2253 ¹
1195 2244 1346 2277 Sanctitas
1363 2244 1432 2285 Sua,
1455 2244 1477 2275 si
1504 2244 1545 2275 ita
1570 2243 1614 2276 ei¹
1633 2244 1795 2287 placuerit,
1815 2245 1934 2287 praeci-

423 2305 451 2331 et
476 2298 616 2340 singulis,
635 2298 761 2330 illorum
776 2297 916 2330 omnium
935 2303 1059 2328 tenores
1075 2307 1162 2339 prae-
1178 2286 1281 2341 'peret
1294 2308 1388 2341 super
1404 2298 1463 2330 hoc
1481 2297 1619 2340 expediri
1638 2297 1734 2329 Breve
1751 2307 1808 2340 pro
1826 2307 1935 2341 perpe-

423 2352 560 2385 sentibus
578 2362 635 2395 pro
650 2352 738 2394 plene
753 2357 779 2383 et
795 2351 984 2384 sufficienter
1007 2351 1161 2394 expressis
1178 2393 1179 2396 Ἴ
1195 2351 1254 2383 tuis
1269 2352 1380 2383 suturis
1395 2351 1600 2394 temporibus,
1617 2351 1740 2394 quando
1752 2350 1832 2383 idem
1845 2361 1934 2384 casus

423 2406 583 2445 habentes,
600 2405 660 2436 illis
674 2405 749 2436 alias
767 2404 797 2436 in
815 2415 870 2436 suo
886 2404 999 2436 robore
1016 2415 1161 2448 perman·
1178 2411 1179 2418 ¹
1194 2405 1378 2447 contigeritj
1404 2409 1448 2446 et,
1472 2405 1551 2436 sacta
1574 2415 1631 2447 per
1656 2414 1704 2436 me
1730 2403 1932 2437 secretarium

424 2458 515 2498 suris,
531 2458 568 2490 ad
586 2457 833 2500 praemissorum
852 2456 996 2489 effectum
1016 2457 1158 2500 speciali·
1196 2458 1345 2490 relatione
1377 2457 1415 2490 de
1444 2457 1625 2501 praemissis
1649 2457 1809 2490 Sane-titali
1834 2457 1933 2496 Suae,

426 2516 666 2555 teretexpresse
680 2511 885 2553 derogamus3
901 2511 1075 2554 ceterisque
1090 2521 1160 2544 con·
1195 2512 1346 2545 Sanctitas
1371 2511 1431 2545 Sua
1456 2511 1641 2545 sententiam
1671 2521 1778 2544 sacrae
1801 2511 1934 2553 Congre-

426 2565 530 2598 trariis
554 2565 811 2609 quibuscumque.
1196 2565 1330 2608 gationis
1355 2565 1502 2605 laudavit,
1527 2570 1557 2597 et
1576 2565 1672 2597 Breve
1687 2574 1745 2608 pro
1770 2569 1835 2597 toto
1856 2563 1933 2597 orbe

471 2618 485 2660 ξ
509 2617 536 2650 lt.
562 2618 601 2651 Ut
624 2624 727 2652 autem
755 2623 936 2662 praesentes
964 2624 1089 2652 nostrae
1113 2618 1162 2651 lit·
1233 2629 1241 2654 1
1262 2628 1414 2654 Pronomen
1431 2628 1521 2654 einos
1537 2627 1659 2654 addimus
1674 2626 1771 2661 (ηπ).

289 1884 405 1905 Contrariis

223 1911 317 1937 derogat.

268 2611 411 2637 'transumptis

229 2637 286 2658 credi
302 2638 367 2658 iubet.
