2221 3224
173 231 221 257 An.
244 230 271 257 c.
296 230 363 258 1630
410 222 473 255 43⁶2

212 450 357 477 Exequutures

173 478 268 503 deputat.

189 1355 276 1376 Mandat
286 1356 354 1381 puniri

172 1385 344 1408 transgressores.

374 279 496 311 irritum
523 284 552 311 et
574 280 663 312 inane
689 280 712 311 si
739 279 811 322 quid
838 290 926 311 secus
948 290 1042 322 super
1062 279 1109 311 his

374 343 391 365 a
403 344 571 376 quoquam,
586 333 693 377 quavis
707 333 900 374 auctoritate,
915 332 1050 366 scienter
1062 332 1109 365 vel

374 386 566 429 ignoranter,
592 387 759 429 contigerit
783 387 938 419 attentari,
1052 426 1054 429 y

417 441 432 483 ᾗ
456 440 506 473 10.
531 441 683 479 Quocirca
707 440 936 473 venerabilibus
960 440 1109 474 fratribus

372 493 610 536 archiepiscopo
640 493 811 534 Valentino,
828 504 863 526 ac
891 493 1055 527 Oriolicnsi
1081 499 1110 526 et

372 547 606 588 Carthaginensi
627 547 794 590 cpIscopis,
811 557 894 580 nunc
914 552 943 580 et
960 558 1018 590 pro
1036 552 1110 580 tem-

372 610 449 643 pore
463 600 674 642 existentibus,
695 611 752 643 per
768 606 949 644 praesentes
966 601 1108 634 commit—

373 653 466 685 timus
492 658 521 685 et
546 653 751 695 mandamus,
779 660 932 697 quatenus
956 654 1036 698 ipsi,
1062 656 1108 687 vel

371 706 442 747 duo,
452 712 504 738 aut
518 717 598 739 unus
612 717 733 747 eorum,
747 718 804 750 per
818 718 859 748 se,
877 708 923 740 vel
938 718 994 751 per
1003 708 1107 751 alium,

371 769 424 791 seu
442 760 529 799 alios,
547 765 726 803 praesentes
752 760 869 794 litteras
886 766 916 793 et
934 761 963 793 in
982 761 1026 794 eis
1040 772 1110 795 con-

372 818 453 845 tenta
478 823 716 856 quaecumque,
741 813 794 846 ubi
825 819 854 846 et
883 815 1007 858 quando
1032 826 1110 858 opus

371 865 472 906 suerit,
493 876 527 899 ac
548 867 670 910 quoties
689 878 747 910 pro
765 872 853 910 parte
871 867 994 900 Ioannis
1011 868 1111 912 Bapti—

370 923 433 951 stae
453 924 483 951 et
502 919 635 951 fratrum
661 920 897 963 praedictorum
914 921 1030 954 suerint
1054 932 1106 954 re-

370 972 486 1015 quisiti,
501 973 684 1005 solemniter
704 974 910 1017 publicantes,
936 974 1059 1018 illisque
1079 976 1109 1008 in

369 1025 550 1068 praemissis
575 1026 710 1059 efficacis
735 1027 925 1060 defensionis
953 1028 1111 1071 praesidIO

370 1079 558 1122 assistentes,
577 1080 689 1113 faciant
709 1081 894 1116 auctoritate
916 1084 1024 1115 nostra
1041 1093 1111 1116 con-

370 1132 509 1165 cordiam
524 1139 554 1166 et
568 1134 808 1168 transactionem
823 1135 1010 1179 praedictas,
1024 1146 1112 1179 prae-

370 1190 535 1229 sentesque
560 1187 679 1220 litteras
704 1188 742 1221 ab
767 1188 936 1230 omnibus,
968 1189 1007 1222 ad
1031 1200 1112 1233 quos

370 1244 488 1282 spectat
512 1244 541 1272 et
565 1240 597 1273 in
621 1241 764 1274 futurum
790 1242 958 1285 spectabit,
982 1242 1111 1276 inviola-

370 1292 474 1325 biliter
500 1293 659 1326 observari
684 1300 713 1327 et
739 1295 913 1339 aditupleri.

415 1346 430 1389 ,ξ
455 1346 505 1378 111.
532 1347 598 1379 Nou
624 1348 840 1391 permittentes
858 1360 912 1382 eos
937 1348 1075 1392 desuper
1095 1360 1111 1381 a

372 1411 530 1443 quoquam
549 1402 656 1444 quavis
674 1402 859 1435 auctoritate
873 1403 1109 1446 quomodolibet

373 1453 511 1492 indebite,
534 1455 704 1498 molestari,
730 1456 910 1499 perturbari
928 1461 980 1490 aut
996 1457 1113 1500 inquie-

374 1507 447 1547 tari,
473 1508 719 1542 contradictores
739 1510 895 1552 quoslibet.
924 1515 953 1542 et
980 1510 1112 1543 rebelles

371 1572 429 1605 per
454 1562 631 1603 sententias,
652 1573 799 1595 censuras
824 1569 853 1595 et
877 1574 993 1607 poenas
1017 1564 1112 1596 eccle-

373 1615 521 1656 siasticas‚
546 1616 667 1659 aliaque
691 1622 870 1660 opportuna
895 1617 971 1649 iuris
992 1622 1022 1649 et
1042 1617 1113 1649 facti

373 1668 522 1709 remedia,
547 1669 756 1712 appellatione
781 1669 964 1713 postposita,
986 1680 1113 1713 compe-

374 1722 508 1762 scendo,
534 1722 677 1756 invocato
700 1724 792 1756 etiam
817 1723 855 1756 ad
880 1724 960 1765 hoc,
987 1724 1011 1756 si
1036 1734 1114 1767 opus

374 1775 478 1816 suerit,
503 1776 618 1809 auxilio
643 1776 763 1809 brachii
789 1777 947 1809 secularis.
973 1778 1041 1810 Non
1062 1777 1114 1809 cb-

376 1829 528 1861 stantibus
542 1829 638 1861 selicis
653 1830 879 1863 recordationis
897 1831 1045 1864 Bonisacii
1063 1830 1116 1862 Pa-

375 1892 433 1925 pae
458 1882 522 1915 vul
548 1883 801 1925 praedecessoris
826 1884 926 1916 nostri
944 1884 982 1916 de
999 1885 1061 1916 una
1087 1889 1117 1915 et

375 1934 408 1966 in
421 1935 558 1968 Concilio
572 1936 709 1978 generali
731 1936 812 1969 edita
827 1937 864 1969 dc
878 1936 999 1969 duabus
1013 1936 1114 1978 dietis,

377 1987 549 2022 dmmnodo
575 1989 655 2021 ultra
680 1995 743 2022 tres
768 1990 865 2022 dietas
886 1990 997 2033 aliquis
1015 1995 1118 2022 aucto-

377 2042 468 2075 ritate
492 2043 704 2085 praesentium
731 2043 760 2075 in
787 2043 935 2075 iudicium
967 2053 1030 2076 non
1054 2048 1117 2075 tra-

379 2095 480 2137 hatur7
506 2096 636 2139 aliisque
661 2096 822 2139 quibusvis
843 2097 1118 2129 constitutionibus

380 2154 409 2181 et
422 2149 671 2182 orclInatiouibus
696 2150 887 2193 apostolicis,
904 2161 948 2192 ac,
966 2155 1119 2193 quatenus

380 2213 458 2245 opus
483 2203 531 2242 sit,
556 2202 681 2236 Ordinis
699 2208 728 2235 et
745 2204 924 2246 provinciae
943 2204 1118 2247 praedicto-

381 2267 462 2295 rum,
477 2257 569 2289 etiam
585 2257 771 2299 iuramento,
791 2258 1029 2290 confirmatione
1044 2269 1119 2301 apo-

382 2310 500 2351 stolica,
514 2311 561 2342 vel
576 2311 684 2353 quavis
708 2311 856 2344 firmitate
873 2312 931 2344 alia
953 2311 1120 2349 roboratis,

383 2364 504 2396 statutis
519 2368 546 2397 et
561 2364 848 2406 consuetiuliuibus⁷
864 2365 1035 2408 privilegiis
1048 2376 1122 2408 quo-

383 2428 453 2460 que,
469 2417 595 2449 indultis
612 2422 641 2451 et
657 2418 768 2450 litteris
784 2418 972 2461 apostolicis,
985 2419 1041 2451 sub
1059 2418 1123 2462 qui-

384 2470 579 2514 buscumque
605 2471 764 2504 tenoribus
789 2476 819 2503 et
843 2472 964 2513 formis7
990 2482 1025 2503 ac
1050 2482 1121 2504 cum

385 2523 547 2566 quibusvis
561 2524 708 2557 clausulis
733 2529 762 2556 et
786 2524 928 2565 decretis,
950 2524 982 2555 in
1001 2529 1124 2557 contra-

386 2576 467 2610 rium
494 2578 762 2620 praemissorum,
787 2577 1023 2621 quomodolibet
1054 2587 1125 2610 eon—

387 2631 503 2671 cessis,
528 2632 720 2665 confirmatis
752 2636 782 2665 et
813 2631 982 2671 innovatis3
1012 2631 1125 2674 quibus

957 231 1135 256 BIILLARIUM
1159 231 1313 255 ROMANUM

1144 279 1288 311 omnibus
1303 284 1333 311 ct
1346 279 1487 321 singulis,
1510 280 1636 312 illorum
1654 284 1780 313 tenores
1793 290 1881 324 prae-

1143 331 1282 365 sentibus
1298 343 1357 376 pro
1370 332 1460 376 plene
1475 337 1504 366 et
1521 333 1709 366 sufficienter
1724 334 1880 378 expressis

1144 386 1304 427 habentes,
1323 386 1382 418 illis
1396 386 1471 419 alias
1484 386 1515 419 in
1529 397 1585 421 suo
1602 387 1717 421 robore
1734 398 1880 432 perman-

1143 439 1234 479 suris,
1259 439 1317 471 hac
1335 439 1399 472 vice
1420 439 1580 473 dumtaxat
1597 441 1773 484 specialiter
1786 446 1816 473 et
1832 452 1882 474 ex-

1144 502 1251 535 presse
1276 492 1485 535 derogamus3
1517 494 1691 538 ceterisque
1716 494 1882 528 contrariis

1143 545 1405 589 quibuscumque.

1187 600 1201 642 ἓ
1227 599 1277 631 Ἰὲ.
1304 599 1453 632 Volumus
1477 605 1579 633 autern
1594 627 1601 641 ,
1624 601 1708 644 quod
1733 610 1881 644 praesen-

1143 653 1229 685 tium-
1246 654 1459 697 transumptis,
1479 654 1572 687 etiam
1594 654 1764 698 impressis,
1788 665 1881 687 manu

1142 706 1273 739 alicuius
1297 706 1409 739 notarii
1434 707 1551 750 publici
1577 707 1775 751 subscriptis,
1793 713 1822 740 et
1841 708 1880 740 si-

1143 760 1217 802 gillo
1248 770 1400 803 personae
1428 760 1459 792 in
1489 760 1638 803 dignitate
1671 761 1880 794 ecclesiastica

1143 813 1328 846 constitutae
1352 813 1491 854 munitis,
1516 813 1624 846 eadem
1649 824 1781 857 prorsus
1806 813 1883 846 fides

1143 866 1338 908 adhibeatur,
1356 878 1436 911 quae
1462 867 1538 911 ipsis
1562 868 1779 911 praesentibus
1800 867 1885 900 adhi-

1143 920 1280 961 beretur,
1306 920 1331 953 si
1356 921 1458 953 forent
1479 921 1635 954 exhibitae
1659 921 1705 954 vel
1730 926 1882 954 ostensae.

1187 975 1297 1007 Datum
1323 976 1451 1016 Romae,
1476 975 1558 1019 apud
1582 975 1612 1008 S.
1638 975 1765 1008 Mariam
1791 975 1885 1008 Maio-

1144 1038 1222 1069 rem,
1233 1028 1291 1061 sub
1310 1029 1425 1061 annulo
1443 1028 1620 1069 piscatoris,
1634 1028 1684 1061 die
1697 1038 1763 1062 xx11
1777 1028 1885 1072 aprilis

1144 1091 1281 1123 Mncxxx,
1307 1082 1508 1126 pontificatus
1532 1082 1631 1116 nostri
1652 1092 1733 1116 anno
1752 1093 1804 1116 v11.

1180 1143 1238 1171 Dat.
1256 1144 1300 1171 die
1316 1144 1349 1170 22
1364 1144 1456 1180 aprilis
1473 1144 1551 1178 1630,
1571 1143 1666 1179 pontif.
1685 1152 1753 1171 anno
1769 1150 1813 1170 vu.

1447 1288 1572 1321 CCCLX.

1147 1366 1356 1409 Confirmatio
1380 1372 1543 1411 gestorum
1568 1368 1608 1400 ab
1633 1368 1776 1411 episcopo
1804 1368 1888 1401 Mal-

1192 1420 1328 1453 leacensi
1341 1431 1401 1464 pro
1418 1421 1615 1453 restituendo
1636 1422 1788 1454 exercitio
1807 1421 1886 1454 reli-

1189 1474 1297 1517 (siom‘s
1328 1474 1505 1507 catholicae
1536 1475 1571 1507 in
1604 1474 1688 1507 valle
1712 1474 1893 1518 Praqellae·

1195 1527 1406 1560 Taww'nensis
1429 1527 1579 1560 dioecesis
1594 1527 1612 1561 ¹.

1327 1624 1330 1627 »
1359 1606 1493 1633 Urbanus
1510 1606 1588 1639 Papa
1598 1606 1675 1638 VIII,

1294 1650 1330 1677 ad
1349 1650 1482 1677 futuram
1501 1650 1545 1677 rei
1565 1650 1744 1678 memoriam.

1194 1720 1383 1753 Universalis
1419 1721 1576 1754 Ecclesiae
1607 1721 1753 1764 regimini
1783 1721 1887 1755 divIna

1150 1773 1358 1817 dispositione
1377 1774 1601 1818 praesidentes,
1623 1775 1653 1807 in
1673 1785 1741 1807 eam
1767 1774 1890 1818 potissi-

1152 1839 1236 1860 mum
1262 1839 1369 1861 curam
1396 1828 1623 1870 incumbimus,
1652 1834 1686 1861 ut
1714 1828 1828 1861 evulsis
1853 1838 1888 1861 ex

1151 1891 1227 1923 agro
1244 1881 1402 1914 (loi'ninico
1418 1882 1528 1914 nocuis
1551 1881 1800 1924 perniciosarum
1818 1881 1890 1914 hae-

1152 1944 1256 1966 resum
1267 1934 1424 1977 stirpibus,
1435 1945 1489 1967 eae
1506 1935 1741 1978 superferantur
1753 1935 1888 1978 plantae⁷

1152 1998 1231 2030 quae
1255 1988 1416 2031 copiosum
1446 1988 1478 2020 in
1506 1988 1616 2021 eodem
1643 1998 1719 2030 agro
1750 1988 1887 2021 fructum

1153 2041 1274 2073 valeant
1293 2041 1479 2084 producere,
1492 2047 1522 2074 et
1534 2046 1711 2084 propterea,
1727 2041 1751 2073 si
1770 2040 1845 2084 quid
1858 2040 1888 2073 in

1152 2095 1333 2137 praemissis
1360 2095 1489 2139 provide
1518 2096 1633 2128 sactum
1659 2100 1688 2127 et
1712 2095 1889 2128 ordinatum

1153 2149 1248 2181 suisse
1272 2149 1461 2192 accepisnus,
1486 2149 1572 2188 illud,
1598 2159 1659 2192 quo
1680 2149 1802 2182 firmius
1823 2149 1891 2181 sub-

1154 2202 1249 2241 sistat,
1275 2202 1463 2245 apostolicae
1487 2202 1649 2234 firmitatis
1666 2201 1781 2234 robore
1806 2212 1892 2235 com—

1155 2256 1333 2296 muuimus,
1360 2256 1498 2298 aliasque
1526 2255 1555 2287 in
1585 2256 1644 2287 hoc
1674 2255 1892 2288 sollicitudinis

1154 2314 1279 2341 nostrae
1304 2314 1410 2352 partes
1436 2309 1678 2351 interponimus,
1704 2314 1798 2352 prout
1818 2318 1892 2341 con-

1156 2362 1304 2405 spicimus
1330 2362 1360 2393 in
1386 2362 1518 2394 Domino
1544 2362 1711 2395 salubriter
1736 2362 1892 2405 expedire.

1201 2417 1215 2459 g
1239 2415 1267 2447 ‘'l.
1293 2415 1414 2458 Exponi
1439 2416 1594 2458 siquidem
1616 2415 1706 2448 nobis
1730 2426 1831 2458 nuper
1850 2415 1894 2448 fe-

1157 2469 1197 2502 cit
1209 2468 1412 2501 charissimus
1430 2468 1459 2500 in
1480 2468 1603 2501 Christo
1620 2468 1702 2500 fitius
1719 2473 1826 2501 noster
1838 2468 1895 2501 Lu-

1157 2522 1285 2554 dovicus
1309 2522 1501 2554 Francorum
1527 2533 1582 2554 rex
1607 2521 1895 2562 christianissimus,

1157 2575 1241 2619 quod
1267 2575 1351 2618 (eum
1376 2575 1441 2619 ipse
1466 2586 1531 2615 rex,
1555 2586 1615 2619 pro
1639 2577 1694 2608 sua
1719 2574 1800 2608 avita
1824 2579 1855 2607 et
1879 2584 1895 2606 a

1194 2639 1204 2665 1
1229 2637 1265 2665 Ex
1286 2638 1394 2673 nogest.
1417 2639 1443 2665 in
1463 2638 1566 2666 Secret.
1587 2638 1663 2665 Brev.

1895 232 1945 259 An.
1966 231 2079 259 c.163o

1938 613 2081 639 'transumptis

1898 640 1955 660 cim-ili
1972 640 2035 659 iubet.

1931 1730 2051 1751 Exordmm.

1935 2419 1994 2441 Facti
2009 2419 2082 2440 series.
