2248 3229
122 242 176 269 An.
192 241 221 269 C.
243 238 310 269 ¹638

121 300 267 322 ferdinandus
281 302 308 323 ΙΙΙ

121 328 143 348 ln
153 328 269 349 Romanum
278 335 308 349 re·
340 343 346 348 .

122 359 168 381 goin
181 358 202 375 οι
215 355 307 375 futurum

122 383 272 407 imperatorem
285 388 306 402 e-

120 405 188 428 tecm:
207 409 228 428 et
247 413 306 428 coro-

121 436 190 454 natus.

137 1789 202 1813 Quam
212 1789 298 1811 electio-

115 1820 162 1837 nem
203 1815 298 1838 [ἰὼ-ωας

115 1841 231 1863 confirmat.

935 242 1078 269 tvnBANUS
1103 244 1159 269 vm
1183 244 1232 269 PP-

367 290 425 334 §¹l.
440 289 648 335 Quapropter,
664 301 746 331 cum,
764 291 822 325 sub
835 292 884 325 die
899 303 960 325 xxn
978 303 1064 325 men-

322 353 365 376 sis
387 343 563 377 decembris
588 345 659 377 anni
684 345 807 378 Domini
832 351 1063 386 uncxxxv1,tu,

321 396 375 439 qui
399 396 502 430 clarae
527 398 700 431 memoriae
723 398 854 432 alterius
875 399 1062 431 Fcrdinandi

321 449 535 483 Romanorum
561 452 646 494 regis
663 452 694 484 in
715 452 940 495 imperatorem
961 452 1060 493 electi,

320 507 393 536 tune
410 504 541 537 viventis
562 510 592 538 et
608 506 840 545 consentientis,
858 505 895 538 ad
914 515 1062 549 praesens

319 556 468 598 defuncti,
486 563 576 591 natus
597 564 626 591 et
651 559 829 602 llungariae
847 563 876 592 et
894 559 1061 592 Boliemiae

318 620 374 643 rex
398 611 513 651 existis,
539 612 690 656 cuiusque
707 613 919 656 amplissimae
937 613 1061 656 pietatis

318 663 348 696 in
361 670 499 698 sanctam
514 665 624 699 Sedem
637 667 849 710 Apostolicam
864 672 1060 710 argumenta,

317 721 348 749 et
372 718 491 751 strenui
525 719 555 751 in
587 719 678 752 bellis
711 720 835 753 labores
860 730 919 763 pro
945 719 1059 752 tuenda

318 770 472 805 catholica
491 772 654 815 religione,
672 773 794 817 aliaque
808 773 981 816 promerita
999 773 1058 805 iam

317 824 391 857 satis
405 835 562 869 superque
577 826 791 866 innotuerunt,
802 826 832 859 in
845 827 1058 860 Romanorum

1100 293 1288 333 testimonia,
1312 298 1343 326 et
1367 292 1575 327 certissimam
1599 293 1716 337 spem',
1743 303 1838 337 quam

1098 399 1231 432 thelicae
1256 410 1291 432 ac
1316 401 1423 433 nostra
1447 405 1477 432 et
1501 400 1659 433 Romanae
1680 400 1838 433 Ecclesiae

1080 451 1243 496 ¹illiusque
1274 462 1380 486 rernm
1407 458 1435 486 et
1460 453 1617 487 bonorum
1642 453 1834 495 defensione,

1096 506 1325 549 propagatione
1358 512 1387 539 et
1422 507 1616 550 protectione
1653 512 1837 551 conceptam

1097 559 1260 598 habemus,
1277 560 1315 592 de
1340 560 1525 593 eorumdem
1546 561 1678 594 fratrum
1703 561 1836 594 consilio

1095 617 1124 644 et
1141 613 1278 645 unanimi
1299 623 1439 654 assensu,
1453 614 1638 647 auctoritate
1655 615 1837 658 apostolica,

1095 669 1122 697 et
1149 675 1185 698 ex
1211 667 1296 698 certat
1323 669 1430 700 nosti-:i
1455 667 1601 708 scientia,
1627 678 1662 700 ac
1687 667 1725 700 de
1753 678 1835 712 apo-

1078 727 1079 730 *
1095 718 1222 751 stolicac
1236 719 1397 762 potestatis
1411 720 1615 764 plenitudine,
1628 726 1736 754 tenore
1751 730 1839 765 prae-

1078 780 1079 794 1
1095 772 1240 811 sentium,
1252 772 1478 806 confirmamus
1492 778 1521 807 et
1535 774 1761 818 approbamus,
1773 784 1838 807 om-

1077 834 1211 873 nesque
1232 830 1262 857 ct
1286 825 1426 868 singulos
1448 826 1523 859 iuris
1540 833 1569 860 ct
1588 827 1658 860 sacti
1685 827 1836 868 desectus,

316 887 424 921 regem
449 879 591 912 futurum
615 879 843 924 imperatorem
878 880 1060 913 solemniter
1094 878 1146 919 qni
1171 882 1223 911 aut
1248 878 1368 912 ratione
1393 880 1522 919 formae,
1547 886 1600 913 ant
1625 881 1685 914 loci
1704 891 1836 914 corona-

316 930 434 963 electus
466 931 583 972 fueris,
615 937 646 965 et
676 932 820 965 electioni
854 932 1033 964 huiusmodi
1052 959 1059 971 ,
1076 914 1079 943 ι
1095 929 1197 972 tionis,
1223 936 1256 963 nt
1280 932 1465 974 praefertur,
1492 934 1599 974 factae,
1617 939 1669 967 aut
1686 943 1836 977 persona-

316 982 422 1017 obtato
447 984 502 1018 tibi
533 984 571 1017 de
596 995 684 1018 more
709 984 852 1024 decreto,
877 995 938 1027 qua
971 978 1165 1018 decem-um
1190 984 1370 1027 principum
1392 985 1574 1028 electorum,
1600 997 1654 1020 seu
1679 987 1773 1020 etiam
1798 997 1836 1021 ex

316 1036 481 1076 modestia,
506 1037 720 1078 consenseris,
749 1042 778 1070 et
808 1036 936 1078 deinde,
967 1020 1130 1098 solitofeo
1163 1037 1246 1080 quod
1280 1037 1361 1070 idem
1395 1038 1611 1073 Ferdinandus
1645 1044 1733 1083 pater
1765 1044 1836 1074 tuus

315 1099 372 1132 per
387 1095 416 1122 te
434 1090 464 1122 in
480 1090 627 1123 manibus
642 1090 828 1123 venerabilis
841 1090 946 1123 fratris
959 1091 1058 1123 nostri
1076 1104 1078 1134 ¹,
1094 1090 1210 1124 electus
1236 1090 1409 1135 imperator
1426 1091 1464 1125 de
1489 1103 1582 1125 mann
1611 1093 1742 1126 Romani
1762 1094 1836 1127 Pon-

314 1143 544 1187 archiepiscopi
576 1143 749 1187 Moguntini
785 1144 937 1188 praestito
968 1155 1058 1178 more
1076 1140 1077 1160 l
1095 1143 1186 1177 tificis
1209 1154 1338 1177 auream
1364 1155 1514 1178 coronam
1546 1156 1608 1179 non
1639 1147 1834 1190 susceperit,

314 1196 543 1230 catholicorum
564 1206 676 1240 regum
695 1197 975 1241 praedecessorum
995 1203 1059 1231 tuo·
1075 1225 1077 1263 Ι
1093 1207 1148 1230 seu
1172 1198 1282 1242 quavis
1306 1198 1366 1231 alia
1388 1199 1509 1233 ratione
1532 1201 1578 1233 vel
1609 1202 1702 1233 causa
1727 1200 1758 1233 in
1778 1201 1837 1234 ele-

315 1259 385 1282 rum
410 1249 610 1290 iuramento,
642 1250 773 1293 aliisque
806 1250 1195 1299 solemnitatibusyctione
1228 1251 1361 1296 aliisque
1392 1253 1572 1296 praemissis
1596 1253 1708 1298 quovis
1740 1254 1835 1288 modo

314 1302 476 1345 requisitis
501 1302 646 1346 peractis,
664 1303 738 1336 dicti
755 1304 986 1348 archiepiscopi
1004 1304 1058 1337 mi-
1074 1301 1076 1371 ᾗ
1092 1304 1198 1337 forsan
1216 1305 1452 1346 intervenerint,
1467 1307 1660 1351 supplemus,
1681 1307 1773 1350 teque
1791 1307 1835 1340 sic

314 1354 445 1389 nisterio
469 1356 531 1389 ritu
556 1361 587 1389 ct
611 1358 730 1401 pompa
763 1357 863 1390 solitis
888 1362 1058 1391 coronatus
1073 1375 1075 1400 λ
1091 1357 1225 1390 electum
1251 1363 1282 1390 et
1303 1358 1524 1392 confirmatum
1543 1360 1581 1392 ad
1598 1359 1832 1404 suscipiendum

1091 1410 1263 1454 imperialis
1288 1411 1447 1454 dignitatis
1472 1413 1598 1445 culmen
1622 1413 1686 1445 suis
1711 1413 1781 1446 loco
1802 1417 1833 1445 et

315 1407 470 1448 extiteris;
495 1408 657 1442 electionis
681 1420 756 1443 vero
781 1410 961 1443 huiusmodi
985 1405 1075 1464 con-,¹

314 1460 502 1494 firmationis
526 1463 695 1505 negocium
713 1473 814 1507 nuper
833 1463 924 1497 nobis
940 1474 998 1507 per
1014 1463 1057 1496 di·
1072 1496 1074 1508 1
1091 1468 1234 1507 tempore
1258 1463 1389 1507 dignum
1407 1470 1437 1498 et
1457 1465 1606 1499 idoneum
1631 1465 1833 1499 decernimus

314 1513 430 1547 lectum
465 1514 565 1548 silium
599 1516 738 1549 nobilem
771 1517 874 1549 virum
908 1513 1119 1549 loannemfet
1144 1517 1350 1551 declaramus.

313 1566 516 1601 Franciscum
533 1569 738 1602 Cliremaniae
755 1569 867 1603 ducem
885 1575 915 1603 et
936 1570 1055 1614 princi·
1133 1570 1148 1613 ἓ
1171 1569 1200 1603 3.
1234 1571 1302 1603 Non
1335 1571 1531 1605 obstantibus
1561 1572 1766 1616 praemissis,
1797 1582 1833 1606 ac

313 1630 384 1664 pem
410 1621 624 1665 Enhembergi
642 1628 800 1656 oratorem
822 1629 910 1656 tuum
936 1624 1056 1667 specia-
1072 1650 1073 1656 ,
1089 1624 1364 1658 constitutionibus
1389 1630 1419 1658 ct
1443 1626 1695 1660 ordinationibus
1711 1630 1834 1670 aposto-

313 1673 385 1716 lem,
403 1685 497 1718 quem
519 1675 556 1708 ad
581 1676 803 1719 praestandam
822 1677 913 1710 nobis
931 1677 1054 1710 solitam
1071 1662 1073 1738 ἑ
1089 1677 1156 1710 licis
1169 1705 1176 1719 ,
1202 1687 1325 1711 necnon
1350 1679 1513 1722 quibusvis
1537 1680 1662 1722 legibus
1683 1679 1833 1723 imperia-

314 1727 525 1761 obedientiam
551 1729 730 1771 destinasti,
757 1731 870 1774 exponi
896 1731 1024 1764 feceris:
1071 1730 1181 1783 ¹libus,
1206 1742 1241 1764 ac
1266 1732 1439 1775 privilegiis
1456 1733 1646 1766 electoribus
1663 1733 1831 1776 praedictis

359 1781 374 1824 ἓ
397 1781 427 1814 ⁶2.
460 1783 539 1824 Nos,
564 1783 606 1816 de
631 1784 811 1826 praemissis
835 1795 892 1828 per
916 1785 1055 1828 legitima
1089 1788 1118 1816 ct
1142 1783 1304 1827 quibusvis
1324 1785 1393 1818 aliis
1411 1786 1514 1818 forsan
1531 1786 1698 1828 concessis,
1716 1796 1832 1830 appro-

314 1832 503 1867 documenta
528 1836 692 1869 sufficienti
725 1837 832 1870 habito
855 1839 1034 1872 testimonio
1047 1866 1054 1880 ‚
1088 1835 1168 1869 batis
1181 1842 1211 1869 et
1226 1837 1393 1877 innox·atis;
1408 1839 1522 1882 quihus
1535 1839 1692 1879 omnibus,
1709 1839 1832 1873 etiamsi

314 1892 345 1920 et
368 1898 402 1921 re
428 1899 500 1921 cum
517 1889 748 1923 venerabilibus
764 1891 914 1924 fratribus
938 1892 1054 1925 nostris
1089 1900 1148 1933 pro
1166 1890 1293 1923 illorum
1313 1891 1477 1924 sufficienti
1495 1892 1700 1935 derogatione
1716 1892 1754 1925 de
1771 1892 1833 1925 illis

314 1940 343 1974 S.
364 1941 399 1974 R.
417 1941 449 1974 E.
471 1942 682 1976 cardinalibus
709 1943 875 1986 diligenter
899 1947 1053 1988 perpensa
1070 1959 1072 2004 l
1089 1953 1263 1987 corumque
1284 1944 1356 1977 totis
1374 1945 1535 1978 tenoribus
1560 1945 1718 1989 specialis,
1736 1945 1832 1989 speci-

314 1999 345 2027 et
370 2001 492 2028 mature
517 1995 726 2035 considerata,
745 1998 858 2039 magna
882 1997 978 2029 animi
1003 2008 1055 2030 no-
1070 2013 1071 2017 =
1087 1996 1146 2029 fica
1171 2007 1318 2040 expressa
1334 2003 1364 2031 et
1380 1999 1539 2032 individua
1555 2010 1591 2032 ac
1615 1999 1653 2032 de
1678 1999 1774 2032 verbo
1791 1999 1830 2032 ad

312 2047 368 2080 stri
394 2059 466 2081 cum
491 2048 645 2092 spirituali
670 2049 785 2082 laetitia
807 2060 843 2082 ex
869 2050 977 2082 eadem
996 2050 1231 2090 ete-iverbum,
1256 2061 1318 2084 non
1343 2056 1446 2084 autem
1472 2062 1528 2095 per
1553 2052 1708 2084 clausulas
1734 2062 1831 2094 gene-

312 2101 414 2134 ctione
444 2104 610 2146 suscepta,
643 2102 681 2134 ad
714 2102 837 2135 laudem
863 2107 893 2135 et
918 2103 1051 2146 gloriam
1070 2083 1071 2118 i
1087 2103 1168 2135 rales
1185 2103 1266 2135 idem
1292 2103 1506 2146 importantes,
1532 2104 1648 2137 mentio
1668 2115 1722 2137 seu
1739 2114 1831 2148 quae-

312 2155 537 2198 omnipotentis
561 2155 635 2198 Dei,
662 2159 691 2189 et
715 2156 960 2198 gloriosissimae
985 2157 1053 2189 l'ir-
1069 2148 1071 2169 ¹
1088 2155 1132 2187 vis
1148 2156 1208 2188 alia
1224 2157 1384 2200 expressio
1405 2157 1548 2189 habenda
1570 2163 1623 2190 aut
1647 2158 1750 2201 aliqua
1770 2158 1830 2190 alia

312 2207 394 2249 ginis
417 2207 485 2240 eius
510 2208 670 2251 genitricis
694 2209 819 2249 Mariae,
837 2219 870 2241 ac
888 2209 1051 2242 beatorum
1087 2209 1239 2252 exquisita
1270 2210 1370 2243 forma
1394 2210 1546 2243 servanda
1573 2215 1674 2251 esset,
1702 2211 1829 2244 illorum

312 2261 526 2304 apostolorum
552 2261 634 2295 Petri
659 2267 689 2295 ct
713 2263 809 2301 Pauli,
834 2273 957 2296 necnon
974 2263 1069 2298 eius-,
1086 2262 1227 2295 omnium
1253 2268 1377 2296 tenores
1401 2263 1619 2307 praesentibus
1643 2274 1703 2308 pro
1734 2263 1823 2297 suffi-

311 2313 383 2346 dem
397 2314 426 2347 S.
445 2315 478 2347 R.
497 2315 530 2347 E.
545 2320 574 2348 et
590 2315 670 2348 sacri
689 2315 814 2359 imperii
832 2317 1051 2350 exaltationem
1086 2314 1204 2348 cienter
1218 2316 1374 2359 expressis
1388 2316 1548 2357 habentes,
1562 2316 1622 2349 illis
1635 2317 1710 2350 alias
1725 2317 1756 2349 in
1770 2327 1827 2350 suo

311 2372 342 2399 et
361 2367 526 2408 honorem,
551 2369 736 2402 electionem
762 2369 800 2402 de
824 2372 960 2413 persona
987 2380 1051 2402 ma·
1068 2353 1069 2402 i
1086 2367 1200 2401 robore
1225 2369 1457 2412 permansuris,
1483 2369 1540 2402 hac
1565 2369 1632 2402 vice
1655 2369 1826 2411 dumtaxat,

312 2420 428 2454 iestatis
454 2425 524 2454 tuae
549 2422 580 2454 in
605 2433 713 2465 regem
739 2423 954 2456 Romanorum
973 2424 1051 2457 sutu—
1068 2417 1069 2446 Ῐ
1086 2422 1282 2463 auctoritate,
1307 2423 1446 2463 scientia,
1471 2428 1635 2466 potestate,
1657 2433 1693 2456 ac
1720 2427 1828 2457 tenore

311 2484 381 2506 rum
407 2474 641 2518 imperatorem,
660 2475 783 2519 aliaque
807 2477 989 2519 praemissa,
1011 2477 1051 2509 ob
1068 2470 1069 2475 ¹
1086 2475 1276 2518 praemissis,
1297 2476 1476 2519 specialiter
1497 2482 1526 2509 et
1539 2486 1686 2520 expresse
1699 2475 1829 2520 deroga-

311 2528 595 2570 praestantissimas
615 2528 710 2561 animi
729 2533 758 2562 et
776 2529 918 2573 corporis
939 2530 983 2562 tui
1001 2530 1067 2569 (Ιο-1
1086 2539 1172 2567 mus;
1191 2529 1366 2573 ceterisque
1383 2530 1550 2563 contrariis
1564 2530 1826 2574 quibuscumque.

312 2582 367 2621 tes,
393 2590 565 2624 earumque
594 2581 841 2615 luculentissima
867 2582 995 2616 indicia¹
1021 2589 1050 2616 et

347 2642 357 2668 ¹
377 2641 447 2669 Edit.
465 2642 543 2670 Μαίη.
561 2642 624 2678 legit
638 2643 749 2670 iudicia
770 2648 805 2675 (n.
823 2645 870 2678 12).

1121 2601 1130 2627 1
1151 2599 1216 2627 Male
1236 2599 1300 2627 edit.
1323 2600 1401 2628 lllain.
1423 2605 1452 2628 ut
1471 2604 1535 2636 puto
1556 2600 1620 2636 legit
1642 2602 1826 2636 certissima,

1084 2653 1161 2679 spem
1180 2652 1216 2678 in.
1235 2645 1282 2678 τ.).

1741 233 1804 270 675
1850 246 1899 274 An.
1915 246 1944 274 c.
1967 245 2036 275 1638

1097 346 1135 379 de
1161 351 1190 379 te
1220 346 1251 380 in
1276 351 1400 379 sauctae
1431 346 1502 380 fidei
1534 350 1564 380 et
1595 346 1758 390 religionis
1786 357 1838 380 ca·
1876 369 1884 378 .

1849 1580 1959 1602 Contraria
1971 1581 2032 1602 iuuit.
