2248 3229
216 242 264 272 An.
287 243 316 273 G.
337 242 405 273 1634
450 234 514 269 448

416 293 441 326 si
466 291 566 337 quae2
584 291 659 325 alias
673 291 733 324 illis
750 295 941 335 competunt,
954 296 1154 336 praeservata

416 349 610 379 censeantur.

461 399 507 431 IV.
528 397 625 430 Iidem
642 397 857 430 locumtenens
871 402 901 430 et.
917 397 1095 439 consilium,
1115 399 1152 432 ad

414 451 661 485 nominationem
681 450 847 483 cuiuslibet
872 450 1064 494 eligentium,
1089 451 1153 496 qui,

415 516 452 537 ex
476 504 581 547 aliqua
607 504 798 538 infirmitatis
823 504 870 537 vel
893 504 1022 538 alterius
1055 505 1154 539 iustae

415 562 444 589 et
464 556 659 590 rationabilis
676 557 879 601 impotentiae
896 559 998 600 causa,
1015 559 1153 601 nomina,

415 610 604 653 cognomina
636 615 666 643 et
699 611 970 645 denominationes
994 612 1154 656 praedicta

415 662 555 696 scribere
568 673 631 696 non
647 664 772 707 poterit,
792 674 944 708 personas
960 664 1155 709 deputabunt

414 725 494 759 quae
519 716 646 750 eaedem
671 717 808 758 nomina,
833 718 1022 761 cognomina
1045 724 1076 752 et
1099 719 1154 753 de-

415 768 644 803 nominationes
680 781 739 814 pro
774 769 886 804 iisdem
921 770 966 804 sic
995 771 1155 816 impeditis

416 822 561 856 scribant.

460 876 491 909 V.
517 876 648 920 Insuper
684 876 898 911 locumtenens
930 880 960 911 et
987 877 1153 911 eonsilium

415 930 565 974 praedicti
586 930 731 964 decidant.
747 935 778 966 et
790 931 959 964 terminent
972 931 1153 974 summarie,

415 984 480 1016 sine
502 984 639 1028 strepitu
653 989 682 1017 et
697 984 800 1028 figura
814 984 931 1027 iudicii,
949 985 1042 1019 etiam
1058 994 1154 1019 manu

245 414 272 432 tt«-
284 420 301 433 ιι
304 420 337 459 ιιιι
333 415 358 458 :vl
362 414 401 432 ιιιΙ

218 441 254 459 lius
267 440 303 459 ιιιιι
345 442 399 459 ιιιιιιιι

218 472 236 486 ιιι
252 472 273 485 st*
277 472 291 486 ι·ι
289 466 341 492 'ptis-

243 892 271 911 [ιιι
289 897 398 911 cati-aium

216 918 388 944 rxpi‘¹·liliunilu1<⁴

415 1038 500 1081 regia
518 1038 617 1081 (iuxta
636 1043 740 1072 tamon
753 1043 875 1081 statuta,
897 1038 1107 1072 stabilimenta
1124 1043 1154 1072 et
1192 1033 1194 1036 ’

414 1091 655 1125 consuetudines
678 1092 752 1126 dieti
784 1092 981 1136 hospitalis),
1013 1092 1099 1126 omni
1123 1097 1154 1125 et

413 1155 612 1190 quacumque
640 1146 866 1190 appellatione,
899 1145 1096 1179 restitutione
1121 1145 1153 1178 in

414 1200 583 1243 integrum,
604 1205 634 1232 et
657 1199 725 1232 aliis
749 1199 1000 1243 quibuscumque
1021 1209 1154 1243 exequu-

414 1253 530 1286 tionem
555 1253 717 1286 retardare
742 1253 914 1299 valentibus
935 1253 1074 1294 remotis,
1088 1263 1153 1287 om-

415 1316 468 1339 ues
493 1316 603 1339 causas
617 1306 872 1351 supradictorum
887 1306 1106 1350 gravaminum
1124 1310 1154 1341 et

414 1359 644 1403 exceptionum,
670 1364 700 1394 et
722 1360 897 1404 quamlibet
921 1360 1013 1393 aliam
1031 1365 1153 1395 contro-

414 1413 558 1455 versiam,
578 1414 671 1447 etiam
690 1414 936 1458 vigintiquatuor
949 1421 978 1448 et
995 1414 1152 1448 sexdecim

414 1468 602 1511 electorum,
627 1479 705 1512 quas
730 1468 801 1502 sede
827 1468 1000 1512 magistrali
1024 1473 1153 1502 vacante

414 1520 491 1553 oriri
515 1521 692 1565 contigerit,
713 1521 813 1555 donoc
828 1521 868 1554 ad
887 1522 991 1565 magni
1010 1521 1151 1566 magistri

414 1580 662 1609 consummatam
673 1575 857 1609 electionem
867 1575 1035 1609 deventum
1048 1575 1151 1610 suerit.

457 1629 631 1663 Conventus
657 1640 732 1664 vcro
767 1634 797 1663 et
828 1640 936 1664 omnes
966 1630 1079 1664 fratres
1103 1630 1152 1663 die

413 1688 441 1715 et
476 1683 556 1716 hora
591 1683 690 1716 solitis
726 1683 757 1716 in
793 1684 925 1717 ecclesia
955 1685 1152 1718 conventuali

412 1737 441 1769 S.
468 1737 591 1769 Ioannis
616 1742 866 1780 congregentur,
892 1742 919 1770 ct
945 1738 1039 1771 missa
1065 1739 1152 1772 cele-

414 1789 517 1831 brata,
541 1790 720 1834 hymnoque
749 1791 829 1824 Veni
853 1791 985 1825 Creator
1008 1792 1152 1836 Spiritus

413 1843 598 1883 decantato,
623 1843 736 1887 singuli
770 1844 902 1886 fratres,
932 1845 980 1878 ius
1009 1845 1151 1890 suffragii

416 1895 521 1938 vigore
535 1895 709 1929 litterarum
728 1897 969 1941 apostolicarum
983 1899 1153 1942 praedicta-

414 1959 484 1981 rum
508 1949 676 1991 habentes,
701 1951 739 1983 ad
764 1951 957 1995 cappellam,
983 1952 1152 1997 unicuique

414 2003 538 2046 linguae
562 2003 600 2036 ad
625 2003 656 2036 id
677 2004 709 2036 in
730 2004 840 2038 eadem
864 2006 996 2038 eeclesia
1022 2006 1152 2040 destina-

415 2062 476 2089 tam
498 2067 551 2089 seu
578 2056 804 2099 destinandam,
824 2058 985 2099 accedant,
1012 2060 1151 2105 exceptis

414 2116 516 2143 tamen
547 2111 696 2145 fratribus
729 2112 812 2145 illius
844 2112 992 2156 linguae,
1025 2125 1061 2147 ex
1090 2125 1151 2159 qua

412 2164 513 2198 «lictus
537 2165 750 2199 locumtenens
775 2166 922 2208 extiterit,
946 2168 998 2211 qui
1024 2168 1055 2200 in
1080 2179 1149 2202 cor-

412 2229 488 2263 pore
514 2219 652 2253 eiusdem
678 2220 826 2254 ecclesiae
858 2222 1071 2255 conventualis
1099 2233 1149 2256 re-

412 2276 543 2307 maneat.
580 2274 617 2306 Ili
648 2283 710 2307 non
745 2284 862 2315 unum,
895 2279 928 2308 ut
959 2280 1049 2308 antea
1074 2286 1149 2310 con-

412 2331 596 2370 sueverant,
634 2328 687 2361 sed
718 2333 780 2361 tres
816 2328 927 2362 fratres
964 2329 1078 2363 milites
1112 2340 1149 2364 ex

411 2384 598 2427 unaquaque
623 2382 729 2426 lingua
753 2394 903 2428 capaces,
928 2395 963 2417 ac
988 2385 1073 2418 iuxta
1097 2395 1147 2418 ea-

413 2436 558 2469 rumdem
575 2436 750 2471 litterarum
764 2438 1017 2481 apostolicarum,
1027 2447 1148 2472 necnon

413 2495 601 2525 statutorum
627 2502 681 2525 seu
707 2491 992 2526 stabilimentorum
1019 2492 1145 2537 praedi—

413 2549 534 2578 ctorum
552 2545 685 2578 sormam
709 2545 915 2590 qualificatos‚
941 2546 973 2579 in
997 2547 1148 2580 electores

413 2598 537 2640 eligant,
552 2599 636 2631 itaut
650 2599 857 2643 imposterum
869 2610 931 2634 non
946 2605 1017 2634 octo
1028 2604 1149 2635 tantum

450 2662 460 2686 1
482 2661 577 2696 Aptius
596 2661 731 2697 legeretur
750 2663 775 2691 si
794 2671 852 2698 qua
871 2663 913 2698 (R.
933 2663 969 2698 T).

242 1641 270 1660 lle.
286 1641 348 1661 modo
362 1642 395 1661 elt-

216 1668 284 1692 pendi,

992 243 1172 271 BULLARIUM
1194 243 1349 271 ROMANUM

1936 247 1990 277 An.
2005 247 2035 277 C.
2056 247 2124 278 1634

1187 292 1299 326 fratres
1327 291 1452 334 milites,
1477 293 1531 338 qui
1558 294 1591 327 in
1614 294 1764 330 electores
1790 296 1925 341 deputa-

1186 346 1312 388 bantur,
1326 346 1379 380 sed
1393 346 1640 392 vigintiquatuor
1664 349 1827 392 eligantur.
1844 351 1925 395 Ipsa-

1187 409 1248 443 que
1266 399 1362 433 trium
1386 400 1518 433 fratrum
1537 400 1705 435 cuiuslibet
1720 401 1843 445 linguae
1863 404 1925 437 ele-

1187 453 1249 486 ctio
1268 463 1325 497 per
1345 458 1481 487 secretas
1495 454 1659 488 schedulas
1673 454 1767 488 modo
1782 460 1812 488 et
1824 456 1923 490 forma

1187 507 1391 551 sequentibus
1414 507 1489 549 fiat;
1516 507 1678 551 videlieet,
1709 509 1793 553 quod
1816 520 1924 543 omnes

1187 559 1353 593 schedulae
1378 561 1425 594 vel
1446 560 1619 605 impressae
1631 561 1679 595 vel
1697 563 1759 595 una
1771 566 1801 597 et
1814 562 1924 596 eadem

1188 622 1282 647 manu
1305 618 1427 648 tanturn
1452 615 1647 660 conscriptae
1672 615 1743 658 sint,
1768 626 1840 649 cum
1865 626 1922 649 ex·

1187 667 1351 712 pressione
1378 669 1544 703 nominum
1568 675 1598 703 et
1622 670 1847 714 cognominum
1871 681 1926 704 seu

1188 720 1477 756 denominationum
1504 723 1685 767 eligentium
1706 730 1736 758 et
1759 724 1922 768 eligendo-

1188 785 1275 815 rum,
1300 775 1386 809 iuxta
1410 777 1589 821 exemplum
1614 777 1858 822 infrascriptum.

1776 865 1923 1029 -l

1190 1040 1194 1194 ¹
1290 1061 1383 1103 E'lzsssso
1407 1062 1540 1104 fratrem
1914 1033 1923 1199 ¹

2003 899 2124 926 Exemplum

1941 924 2056 954 schedulae
2083 926 2124 947 ele-

1941 954 2024 972 ettonis*

1191 864 1194 1029 ¹
1290 913 1356 956 qu
1381 915 1482 957 frater

1334 1106 1370 1137 in
1395 1115 1499 1138 ιιιῑιιιιι
1523 1117 1561 1138 ez:
1586 1116 1670 1139 xxiv.

1230 1249 1364 1283 Eaedem
1389 1249 1556 1283 schedulae
1570 1260 1663 1294 super
1678 1252 1784 1284 mensa
1803 1252 1835 1284 in
1853 1263 1925 1297 eap-

1186 1302 1275 1347 pellis
1305 1307 1335 1336 et
1366 1303 1497 1337 ecclesia
1531 1305 1727 1337 conventuali
1764 1306 1923 1349 praedicta

1185 1356 1358 1400 respective
1381 1356 1466 1400 poni,
1491 1356 1668 1401 singulique
1694 1358 1843 1401 eligentes
1867 1360 1925 1393 soli

1186 1410 1318 1444 seorsim
1343 1415 1373 1443 et
1392 1410 1570 1455 separatim,
1596 1411 1664 1444 aliis
1687 1411 1759 1445 inde
1784 1414 1924 1454 remotis,

1186 1463 1224 1496 ad
1248 1464 1347 1508 ipsam
1373 1474 1512 1497 mensam
1537 1464 1697 1507 accedere,
1721 1470 1752 1498 et
1776 1465 1807 1498 in
1831 1476 1924 1510 supe-

1187 1516 1263 1551 riori
1290 1517 1458 1551 schedulae
1480 1523 1570 1562 parte
1593 1528 1724 1560 nomen,
1750 1528 1925 1562 cognomen

1187 1582 1243 1604 seu
1262 1571 1550 1605 denominationem
1573 1572 1734 1617 propriam
1760 1573 1925 1617 ipsiusmet

1186 1625 1347 1669 eligentis,
1372 1631 1402 1659 ct
1426 1625 1457 1659 in
1482 1626 1623 1660 inferiori
1648 1626 1813 1660 schedulae
1837 1632 1925 1671 parte

1186 1689 1322 1721 nomen,
1356 1690 1533 1723 cognomen
1557 1690 1612 1713 seu
1637 1680 1925 1714 denominationem

1186 1732 1332 1776 eligendi,
1356 1733 1485 1777 propria
1511 1743 1604 1766 manu
1621 1733 1759 1766 scrihere
1776 1733 1923 1775 debeant,

1187 1786 1228 1819 ita
1244 1791 1277 1819 ut
1295 1791 1379 1820 certa
1397 1792 1458 1819 tam
1481 1787 1624 1830 eligentis
1641 1797 1735 1831 quam
1754 1788 1844 1821 electi
1858 1798 1926 1832 per-

1186 1849 1262 1873 sona
1293 1839 1461 1881 habeatur,
1498 1840 1636 1884 alioquin
1668 1840 1854 1885 suffragium
1886 1842 1925 1875 sit

1186 1893 1327 1934 nullum,
1361 1893 1499 1937 exceptis
1535 1899 1639 1927 tamen
1663 1894 1743 1927 votis
1774 1894 1923 1936 illorum,

1186 1957 1320 1991 quorum
1336 1948 1474 1989 nomina,
1491 1948 1677 1992 cognomina
1694 1954 1723 1982 et
1742 1949 1924 1983 denomina-

1186 2001 1286 2034 tiones
1311 2001 1405 2035 iidem
1430 2002 1645 2035 locumtenens
1674 2006 1704 2035 ct>
1735 2002 1900 2036 consilium
1917 2031 1924 2043 ,

1185 2055 1226 2087 oh
1240 2064 1349 2088 causas
1369 2066 1464 2100 super
1485 2065 1658 2100 expressas,
1676 2066 1735 2100 per
1751 2056 1844 2088 aliam
1857 2066 1925 2100 per-

1185 2118 1292 2142 sonam
1318 2109 1412 2143 scribi
1437 2119 1529 2153 posse
1549 2109 1768 2143 concesserint
1794 2110 1926 2145 Caveant

1184 2162 1277 2195 etiam
1302 2162 1477 2206 diligenter,
1501 2173 1541 2195 ne
1566 2163 1596 2195 in
1621 2163 1759 2207 qualibet
1776 2163 1924 2197 schedula

1184 2216 1312 2259 plures,
1344 2226 1438 2259 quam
1472 2226 1590 2258 unum,
1621 2217 1805 2259 nominent,
1840 2217 1924 2250 iuxta

1183 2271 1360 2314 exemplum
1387 2270 1516 2303 inferius
1540 2270 1686 2314 positum

1331 2410 1393 2453 Ειμ)
1417 2411 1458 2453 fr.
1488 2409 1648 2452 διιῖιεείει
1672 2409 1781 2443 Scelus

1915 2360 1948 2520 Ι
2003 2394 2126 2421 Exemplum

1940 2422 2064 2444 schedulae.

1269 2557 1362 2599 Eligyo
1387 2557 1428 2599 si
1458 2555 1632 2589 Nicolaum
1655 2555 1702 2590 La
1726 2557 1839 2590 Mam
1916 2523 1921 2688 ¹

1330 2611 1367 2634 m
1392 2611 1496 2634 'tinum‘
1521 2610 1559 2634 6oe
1583 2610 1667 2636 xxlv.
