2194 3219
784 275 1195 345 TABULA

264 423 375 472 Quae
401 437 557 466 novum
587 423 777 482 ordinem
806 424 943 476 refert,
980 438 1054 476 qao
1089 424 1356 476 clironoloqice
1391 424 1600 477 dispositae
1626 434 1718 469 sunt

307 504 542 557 Pontifioiae
560 503 859 548 Constitutiones
879 505 922 547 in
935 505 1125 547 Ediciorie
1145 505 1404 553 Taurineiisi‚
1419 506 1606 549 collatum
1626 520 1715 551 cuin.

307 585 433 628 veteri
463 585 607 628 ordine
635 585 844 628 Romanae
872 584 1074 628 Editiorcis
1104 585 1351 638 Hieronymi
1379 586 1606 630 Maiiiardi.

215 792 280 818 Edit.
301 793 372 818 Taur.
499 794 502 798 '
769 792 835 816 Edit.
855 793 927 817 Rom.

231 833 299 858 Tom.
314 840 357 858 xiv
744 833 814 857 Tom.
827 841 861 861 vx,
874 836 939 866 part.
953 841 961 858 1

216 965 276 989 1628

246 1015 258 1028 1

242 1054 256 1228 ets-⁸.

232 2506 244 2637 υυψυ

467 909 619 934 URBANUS
636 909 702 932 VIII.

360 964 502 988 ccxcvnl
519 962 629 987 Iniuncti
647 962 721 986 nobis
738 962 871 994 apostolici
889 982 893 987 .
914 963 960 987 273

384 1004 500 1028 CCXCIX
520 1004 589 1031 Cum,
603 1003 669 1027 sicut
682 1011 735 1031 nos,
751 1011 801 1027 non
820 1003 874 1028 sine
889 1022 893 1027 .
913 1005 959 1028 2711

446 1045 502 1068 CCC
520 1043 618 1076 Exponi
636 1043 709 1068 nobis
722 1051 803 1075 nuper
814 1043 875 1068 fecit
888 1063 892 1068 .
913 1045 959 1068 275

433 1085 501 1109 CCCI
519 1085 587 1112 Cum,
604 1083 670 1108 sicut
688 1083 796 1108 dilectus
808 1084 875 1108 filius
888 1103 893 1108 .
913 1085 959 1108 276

420 1125 501 1148 CCCII
517 1124 661 1156 Singularia
669 1124 958 1155 circumspectionisew

409 1165 501 1190 CCCHI
518 1164 595 1193 Alias,
610 1172 656 1197 pro
667 1168 739 1196 parte
752 1164 838 1189 dilecti
851 1165 895 1189 filii
913 1165 958 1189 278

411 1206 501 1229 CCCIV
519 1205 588 1231 Cum.
609 1204 674 1228 sieut
691 1205 862 1236 accepimus.
888 1224 892 1229 .
912 1206 957 1229 ‘270

421 1245 501 1269 CCCV
517 1245 594 1273 Alisis,
614 1253 661 1277 per
673 1245 755 1269 felicis
768 1245 890 1269 recordat.
912 1247 957 1269 280

409 1285 500 1309 CCCVI
517 1285 605 1317 Nuper
622 1292 636 1308 a
653 1284 725 1308 nobis
743 1289 895 1308 emanarunt
912 1286 956 1309 268

395 1326 499 1350 CCCVII
516 1325 652 1349 pastoralis
670 1325 744 1348 officii
762 1325 841 1349 nostri
856 1345 861 1349 .
885 1345 890 1349 .
910 1327 954 1350 281

333 1384 336 1386 .
382 1366 497 1390 CCCVIII
514 1367 594 1389 Decet
611 1367 715 1389 Roman.
738 1365 889 1390 Pontificem
908 1367 955 1390 28²3

407 1406 499 1430 CCCIX
517 1406 589 1433 Quod
598 1407 724 1429 aRornan.
733 1406 897 1430 Pontificibus
910 1407 955 1431 283

418 1446 498 1470 CCCX
516 1446 589 1473 Cum,
610 1445 675 1469 sicut
692 1446 845 1478 accepimus,
866 1447 892 1470 in
909 1448 954 1471 284

404 1487 497 1511 CCCXI
515 1487 642 1511 Creditum
650 1487 895 1511 humilitatinostrae
908 1488 954 1511 285

395 1527 499 1551 CCCXII
516 1527 614 1558 Exponi
627 1527 700 1551 nobis
714 1536 797 1559 nuper
813 1528 886 1552 fecit.
908 1529 953 1552 286

382 1567 497 1591 CCCXIII
516 1568 551 1591 Ex
571 1567 691 1591 clementi
710 1568 782 1591 Sedis
800 1570 887 1600 Apost.
907 1569 952 1592 ‘287

381 1607 496 1631 CCCXIV
512 1607 587 1631 Iustis
595 1608 743 1631 ethonestis
755 1607 886 1632 christifid.
906 1609 952 1632 288

393 1647 497 1671 CCCXV
514 1647 621 1671 Assidua
631 1648 662 1671 de
671 1648 763 1672 nostris
771 1649 892 1672 etS.R.E.
907 1649 952 1672 289

379 1688 495 1711 CCCXVI
512 1688 582 1712 Alias
595 1696 609 1712 a
618 1688 700 1712 felicis
710 1688 894 1713 recordationis
906 1690 951 1713 290

367 1729 494 1753 CCCXVII
511 1729 626 1753 Eximius
644 1729 785 1753 maiestatis
803 1734 861 1753 tuae
880 1750 883 1753 .
905 1731 949 1753 291

355 1769 495 1794 CCCXVIII
511 1770 635 1796 Quoniam
654 1770 756 1794 divinae
775 1771 882 1794 bonitati
905 1772 950 1795 9922
974 1803 977 1807 Ι

377 1810 493 1833 CCCXIX
510 1810 609 1842 Exponi
628 1811 701 1835 nobis
714 1819 796 1843 nuper
808 1811 884 1835 fecit.
904 1813 949 1836 5293
974 1811 977 1821 ¹

391 1851 493 1874 CCCXX
510 1851 608 1883 Exponi
618 1851 690 1875 nobis
708 1860 790 1883 nuper
807 1852 882 1876 fecer.
904 1854 949 1876 <294

376 1890 492 1915 CCCXXI
510 1892 607 1923 Exponi
626 1892 699 1915 nobis
721 1901 803 1924 nuper
825 1893 886 1916 fecit
903 1894 948 1917 295

364 1931 493 1955 CCCXXII
511 1932 571 1956 Cum
589 1940 679 1964 nuper,
695 1935 721 1955 ut
740 1932 886 1956 intolerabi-

540 1972 606 1997 libus
624 1973 857 1997 submersionibus.
877 1993 881 1997 .
902 1975 948 1998 296

351 2012 491 2036 CCCXXIH
509 2013 580 2036 Votis
593 2017 618 2037 et
630 2013 748 2044 precibus
762 2021 806 2044 pro
819 2014 841 2036 S.
855 2013 881 2036 E.
902 2015 948 2037 942

352 2053 492 2077 CCCXXIV
509 2053 608 2085 Exponi
626 2053 699 2077 nobis
718 2061 799 2085 nuper
815 2053 884 2077 fece-

539 2097 598 2117 runt
616 2093 701 2117 dilecti
720 2093 764 2117 filii
784 2113 788 2117 .
815 2113 819 2117 .
847 2113 851 2118 .
876 2113 881 2118 .
902 2096 947 2119 298

361 2135 491 2158 CCCXXV
507 2135 607 2167 Exponi
620 2135 693 2158 nobis
705 2143 788 2167 nuper
798 2135 859 2159 fecit
877 2155 881 2159 .
902 2138 946 2160 ’297

351 2175 490 2199 CCCXXVI
507 2175 640 2199 Militantis
654 2175 750 2200 Eccies.
765 2177 883 2208 regimini
901 2178 946 2201 ‘299

287 2224 290 2229 ·
340 2215 491 2240 CCCXXVII
508 2217 637 2240 Romanus
654 2216 772 2240 Pontifex
785 2217 815 2240 ad
834 2225 879 2241 ea.
901 2218 946 2241 300

328 2256 490 2279 CCCXXVIII
508 2256 606 2287 Exponi
625 2256 698 2280 nobis
710 2264 792 2288 nuper
804 2257 880 2281 fecit.
900 2259 943 2282 301
970 2278 971 2288 ¹

349 2295 489 2318 cccxxix
506 2295 598 2319 Tuisin
609 2296 759 2320 nosethanc
768 2297 789 2320 S.
800 2297 891 2321 Sedem
899 2299 944 2321 302
969 2306 970 2309 ¹

361 2335 488 2359 CCCXXX
507 2336 566 2359 Cum
576 2335 607 2359 ad
620 2336 726 2360 salutern
740 2337 880 2361 animarum
899 2340 944 2363 303

347 2375 487 2398 CCCXXXI
503 2376 574 2400 Inter
590 2380 688 2400 ceteras
706 2378 860 2408 apostolicae
872 2398 877 2402 .
899 2380 943 2403 304

337 2415 488 2439 CCCXXXII
506 2416 638 2440 Commissi
651 2417 723 2441 nobis
735 2426 782 2450 per
798 2419 878 2442 abun-

422 2472 426 2476 Α
537 2457 648 2481 damiam
659 2477 877 2484 ........
897 2461 943 2484 305

324 2497 488 2520 CCCXXXIII
505 2498 575 2521 Inter
591 2502 689 2522 ceteras
706 2499 876 2530 apostolicae.
897 2501 942 2524 306

325 2537 488 2560 CCCXXXIV
504 2537 633 2561 Romanus
649 2538 767 2562 Pontifex
784 2536 815 2562 'ad
828 2547 858 2563 ea
872 2558 877 2563 .
897 2541 941 2564 307

336 2576 487 2599 CCCXXXV
504 2576 623 2600 Debitum
641 2577 774 2608 pastoralis
787 2578 876 2602 officii.
896 2580 941 2603 308

323 2615 487 2639 cccxxxv}
504 2616 591 2648 Nuper
602 2624 617 2640 a
628 2617 701 2641 nobis
713 2622 876 2643 emanarunt.
895 2620 940 2643 309

341 2665 417 2691 Bali.
434 2665 517 2693 Rom.
540 2681 572 2685 —-
597 2667 656 2695 Vol.
672 2667 747 2694 XIV.

1011 792 1078 817 Edit.
1097 793 1169 817 Taur.
1566 791 1633 816 Edit.
1652 793 1724 817 Rom.

1027 834 1097 857 Torn.
1113 840 1156 858 x1v
1541 832 1609 856 Tom.
1623 840 1656 861 v1,
1670 836 1735 866 part.
1749 841 1758 859 ι

1012 884 1072 907 1629
1123 883 1300 907 CCCXXXVII
1316 883 1384 907 Sacri
1394 882 1549 915 apostolatus
1558 883 1699 908 ministerio
1710 884 1757 908 310

1111 924 1299 948 CCCXXXVIII
1316 923 1413 955 Exponi
1432 923 1505 947 nobis
1518 931 1600 955 nuper
1610 923 1671 948 fecit
1684 944 1689 948 .
1710 925 1754 949 311

1132 964 1297 988 CCCXXXIX
1314 965 1384 988 Inter
1395 963 1559 995 gravissimas
1569 963 1692 996 multipli-

1346 1012 1440 1036 cesque
1458 1004 1629 1036 apostolicae.
1653 1024 1658 1028 .
1683 1024 1688 1029 .
1708 1005 1754 1030 3l3

1041 1055 1051 1068 r
1197 1045 1299 1069 CCCXL
1315 1044 1414 1077 Exponi
1432 1044 1505 1069 nobis
1518 1053 1600 1078 nuper
1610 1045 1671 1070 fecit
1683 1065 1688 1070 .
1709 1047 1755 1070 312

1184 1087 1296 1110 CCCXLI
1315 1086 1471 1110 Universalis
1486 1087 1552 1111 Eccl.
1571 1087 1689 1119 regimini
1706 1088 1752 1112 314

1170 1127 1295 1150 CCCXLII
1313 1126 1450 1150 Salvatoris
1457 1130 1483 1150 et
1495 1127 1596 1150 Domini
1609 1127 1687 1151 nostri
1705 1129 1751 1152 315

1159 1167 1296 1190 CCCXLIII
1314 1168 1383 1193 Cum,
1394 1166 1460 1190 sicut
1468 1166 1666 1195 nobisinnotuit,
1680 1185 1685 1191 .
1704 1169 1751 1192 316

1159 1207 1295 1230 CCCXLIV
1313 1207 1439 1238 Singulari
1454 1207 1586 1238 diligentia
1599 1210 1624 1232 et
1649 1226 1654 1232 .
1679 1227 1684 1231 .
1704 1209 1752 1232 317

1171 1247 1294 1270 CCCXLV
1313 1247 1688 1280 AdmilitantisEccl.regimen
1705 1249 1753 1273 357

1160 1288 1295 1312 CCCXLVI
1313 1289 1504 1312 Sacrosanctum
1513 1289 1685 1320 apostolatus.
1705 1291 1752 1314 318

1146 1328 1291 1351 CCCXLVII
1310 1328 1387 1352 Felici
1406 1336 1435 1353 ac
1452 1336 1574 1360 prospero
1585 1329 1686 1360 collegii
1704 1330 1750 1354 319

1135 1368 1293 1392 CCCXLVIII
1311 1369 1409 1400 Exponi
1427 1369 1500 1392 nobis
1518 1377 1600 1400 nuper
1616 1369 1677 1393 fecit
1704 1371 1751 1394 320

1153 1409 1292 1432 CCCXLIX
1310 1409 1389 1432 Felici
1407 1417 1436 1432 ac
1452 1416 1575 1440 prospero
1592 1409 1684 1433 eccles.
1704 1410 1748 1434 321

1214 1449 1290 1472 CCCL
1308 1449 1488 1473 sacrosanctae
1501 1449 1633 1474 militantis
1652 1469 1656 1474 .
1678 1469 1682 1474 .
1703 1451 1749 1474 322

1201 1488 1291 1512 CCCLI
1307 1489 1335 1512 In
1346 1489 1412 1512 Sede
1431 1488 1556 1520 Principis
1568 1489 1681 1520 Apostol.
1703 1490 1749 1514 323

1035 1537 1046 1550 »
1191 1529 1291 1552 CCCLII
1309 1529 1491 1553 Aliasafelicis
1503 1529 1685 1554 recordatiouis
1703 1531 1748 1554 324

1178 1569 1289 1593 CCCLIII
1307 1569 1420 1593 Irritatus
1439 1569 1546 1593 assiduis
1559 1570 1680 1594 humani.
1702 1571 1748 1595 325

1034 1618 1044 1631 2>
1177 1610 1288 1633 CCCLIV
1307 1610 1444 1634 Pastoralis
1457 1609 1531 1633 officii
1545 1610 1617 1634 nobis
1627 1618 1659 1635 ex
1677 1629 1680 1633 .
1701 1611 1748 1635 3-26

1034 1660 1044 1673 υ
1189 1651 1289 1675 CCCLV
1306 1651 1374 1675 Alios
1391 1659 1406 1675 a
1418 1651 1490 1675 nobis
1507 1655 1658 1675 emanarunt
1676 1670 1681 1675 .
1701 1652 1748 1676 327

1034 1700 1044 1713 »
1177 1692 1289 1715 CCCLVI
1307 1693 1482 1723 Impensarum
1496 1691 1582 1720 moles,
1603 1699 1681 1724 quas.
1701 1693 1747 1717 328

1002 1732 1062 1756 1630
1164 1733 1287 1756 CCCLVII
1304 1734 1341 1756 Ex
1354 1732 1511 1756 incumbenti
1523 1732 1594 1756 nobis
1604 1737 1684 1764 apost.
1699 1733 1745 1757 329

1153 1773 1289 1797 CCCLVIII
1307 1773 1385 1797 Sedes
1394 1773 1540 1805 Apostolica
1552 1773 1594 1805 pia
1603 1777 1683 1798 mater
1699 1775 1746 1799 330

1176 1814 1287 1837 CCCLIX
1306 1814 1382 1845 Regis
1400 1814 1499 1846 pacifici
1518 1814 1587 1838 vices
1613 1833 1617 1837 .
1644 1833 1648 1838 .
1674 1834 1678 1838 .
1699 1815 1743 1838 331

1187 1855 1286 1878 CCCLX
1306 1855 1461 1879 universalis
1482 1855 1548 1878 Eccl.
1564 1855 1682 1887 regimini
1699 1856 1745 1880 332

1175 1895 1287 1919 CCCLXI
1304 1897 1373 1920 Inter
1381 1896 1544 1927 gravissimas
1552 1896 1686 1928 pastoralis
1698 1897 1745 1921 333

1163 1936 1287 1960 CCCLXII
1305 1937 1439 1969 Complura
1456 1936 1558 1968 pietatis
1567 1940 1592 1960 et
1611 1956 1615 1960 .
1642 1956 1647 1961 .
1673 1955 1678 1960 .
1697 1938 1743 1961 334

1149 1977 1284 2000 CCCLXIII
1301 1977 1341 2000 Ad
1355 1977 1454 2001 clavum
1467 1977 1622 2009 apostolicae
1643 1997 1647 2001 .
1671 1996 1676 2002 .
1697 1978 1742 2002 335

1149 2017 1286 2041 CCCLXIV
1303 2018 1331 2041 In
1349 2018 1451 2049 specula
1466 2018 1596 2042 militantis
1609 2018 1674 2042 Eccl.
1695 2019 1742 2043 336

1160 2058 1283 2080 CCCLXV
1302 2058 1399 2089 Exponi
1418 2058 1491 2082 nobis
1510 2066 1592 2090 nuper
1610 2077 1614 2082 .
1641 2078 1646 2082 .
1672 2077 1676 2082 .
1696 2060 1743 2083 337

1148 2099 1284 2122 CCCLXVI
1303 2100 1376 2123 Pater
1389 2099 1634 2124 misericordiarum.
1671 2118 1677 2123 .
1696 2101 1742 2125 349

1135 2140 1283 2162 CCCLXVH
1302 2141 1388 2170 Nuper
1401 2147 1415 2163 a
1427 2140 1500 2164 nobis
1514 2159 1675 2165 ......
1695 2141 1740 2165 349

1126 2180 1283 2203 CCCLXVIII
1302 2180 1362 2203 Cum
1376 2180 1514 2212 capitulum
1531 2181 1652 2212 generale
1670 2200 1675 2205 .
1695 2183 1741 2206 3:38

1148 2220 1282 2243 CCCLXIX
1301 2221 1393 2252 Nuper,
1415 2221 1490 2244 certis
1509 2221 1541 2245 de
1559 2222 1642 2246 causis
1670 2241 1674 2245 .
1694 2223 1740 2247 339

1156 2260 1280 2284 CCCLXX
1300 2261 1438 2292 Cupientes
1455 2269 1577 2293 prospero
1606 2280 1611 2286 .
1638 2281 1643 2286 .
1668 2282 1673 2286 .
1694 2263 1739 2287 340

1146 2301 1282 2324 CCCLXXI
1301 2301 1359 2324 Cum
1379 2309 1425 2325 nos
1442 2301 1518 2326 hodie
1537 2307 1561 2326 te
1580 2302 1605 2325 in
1637 2321 1642 2326 .
1668 2321 1672 2326 .
1693 2303 1737 2327 341

1132 2341 1281 2367 cchxxn
1298 2343 1396 2373 Nuper.
1417 2341 1493 2366 certis
1511 2342 1542 2366 de
1560 2342 1641 2366 causis
1667 2362 1671 2367 .
1692 2345 1738 2368 342

1119 2382 1281 2405 CCCLXXIII
1300 2382 1336 2404 Ad
1350 2382 1441 2406 uberes
1454 2382 1559 2408 fructus.
1579 2391 1643 2415 quos
1666 2403 1671 2408 .
1692 2385 1737 2409 343

1119 2421 1279 2444 CCCLXXIV
1296 2422 1365 2447 Cum,
1386 2422 1451 2445 sicut
1468 2423 1639 2454 accepimus..
1666 2443 1670 2447 .
1691 2425 1737 2449 344

1134 2461 1255 2484 CCCLXX
1262 2463 1280 2484 V
1297 2462 1426 2485 Romanus
1437 2463 1560 2491 Pontifex,
1572 2464 1674 2489 univer-

1329 2501 1389 2524 salis
1407 2501 1550 2526 Ecclesiae.
1571 2520 1578 2528 .
1602 2521 1609 2528 .
1635 2522 1640 2527 .
1665 2522 1669 2527 .
1690 2505 1735 2528 345

1119 2541 1278 2564 CCCLXXVI
1296 2542 1404 2565 Paterna
1411 2541 1442 2565 de
1452 2542 1544 2566 nostris
1553 2544 1579 2566 et
1587 2543 1675 2566 S.R.E.
1689 2544 1735 2567 346

1109 2580 1275 2604 CCCLxxvn
1296 2582 1345 2604 Pro
1362 2587 1448 2605 nostro
1466 2590 1571 2606 munere
1588 2582 1613 2606 in
1632 2582 1671 2606 his
1688 2583 1734 2607 347

1097 2621 1279 2646 CCCLXXVIII
1294 2623 1324 2646 In
1336 2622 1401 2647 Sede
1412 2622 1538 2655 Principis
1554 2621 1669 2655 Apostol.
1687 2623 1734 2651 348
