2248 3229
451 170 468 185 s

228 207 277 235 An.
296 209 325 236 c.
344 209 409 237 1632
455 201 538 235 29⁶2.

423 264 541 303 pterea,
556 265 588 292 ut
602 259 786 292 deliberatio
796 262 825 292 et
834 258 1025 292 continuatio
1036 265 1161 292 nostrae

423 313 536 345 mentis
561 318 590 345 et
614 312 779 345 voluntatis
803 312 983 345 huiusmodi
1002 323 1039 346 eo
1061 313 1162 356 magis

423 376 547 408 semper
571 365 685 398 clarior
710 370 739 397 et
763 365 886 398 firmior
911 371 1068 409 appareat,
1093 376 1160 407 nos,

423 425 520 459 motu,
541 420 670 452 scientia
687 424 716 452 et
732 419 925 462 plenitudine
945 420 1083 463 paribus⁷
1101 421 1161 454 hoc

422 483 513 505 mane
532 483 590 516 pro
604 473 771 506 traditione
792 484 846 506 seu
860 474 1061 517 impositione
1074 474 1160 518 pallii

423 532 451 559 et
476 527 654 570 receptione
684 527 833 570 praedicti
867 528 1033 561 iuramenti
1058 528 1159 561 fideli-

422 579 492 611 tatis
516 590 572 623 per
592 590 649 613 nos
666 580 823 623 deputato,
841 586 1009 625 antequam
1022 582 1059 614 ad
1073 593 1161 626 prae-

421 631 494 665 dicti
515 633 599 676 pallii
626 633 857 677 impositionem
884 645 919 667 ac
944 634 1095 678 praedicti
1116 636 1160 668 iu-

421 686 553 718 ramenti
578 686 791 729 receptionem
821 687 1059 729 devenit-emus,
1085 699 1160 733 qua-

420 742 492 772 tuor
512 750 546 772 ex
564 740 774 772 cardinalibus
791 742 1044 784 congregationis
1062 743 1158 776 sancti

421 793 533 833 officii,
570 793 622 837 qui
658 794 761 837 primo
797 795 1020 836 accessissent,
1054 797 1176 837 vocari;

421 846 584 887 iussimus3
604 859 738 892 cumque
763 848 866 881 dilecti
893 849 948 881 filii
968 850 1068 882 nostri
1084 850 1159 882 Lau-

421 899 522 933 divius
547 901 576 934 S.
601 902 687 943 Sixti⁷
715 902 927 945 Berlingerius
947 903 976 936 S.
994 903 1157 946 Augustini

421 954 560 999 Gyptius,
577 960 607 989 et
623 956 777 990 Fabritius
802 957 965 990 titulorum
985 958 1158 1002 presbyteri
1175 980 1177 990 2

420 1008 600 1052 Verospius,
610 1019 731 1042 necnon
746 1010 872 1043 Martius
888 1011 916 1044 S.
928 1011 1042 1043 Mariae
1055 1011 1159 1044 Novae

420 1062 570 1096 diaconus
606 1063 771 1096 cardinalis
807 1064 948 1098 Ginettus
986 1065 1158 1108 respective

419 1117 588 1159 nuncupati
625 1128 700 1160 prae
737 1118 848 1150 ceteris
881 1117 1092 1150 cardinalibus
1121 1117 1158 1150 ad

419 1170 611 1214 praedictam
637 1170 916 1213 congregationem
942 1171 1040 1203 sancti
1065 1171 1159 1204 officii

420 1222 514 1256 hodie
539 1233 645 1256 coram
670 1223 760 1256 nobis
784 1224 815 1256 in
835 1224 952 1267 palatio
968 1228 1077 1258 nostro
1090 1224 1159 1263 Qui-

419 1276 510 1308 rinali
535 1277 700 1309 tenendam
723 1277 927 1318 accesserint,
952 1287 1010 1310 nos
1032 1277 1158 1311 eosdem

418 1329 602 1363 Laudivium
617 1357 624 1371 ,
650 1330 878 1373 Berlingerium
893 1358 901 1372 ,
925 1330 1100 1364 Fabritium
1129 1337 1159 1364 et

417 1383 562 1416 Martium
588 1383 761 1416 cardinales
791 1384 822 1416 in
847 1384 989 1417 interiori
1014 1384 1158 1418 cubiculo

418 1442 526 1470 nostro
551 1437 786 1480 assumpsimus,
809 1437 861 1469 ubi
883 1437 962 1470 hora
982 1437 1157 1479 undecima,

419 1490 450 1522 in
470 1493 588 1531 nostra,
605 1496 634 1523 et
646 1491 795 1532 Laudivii⁷
814 1490 1009 1534 Berlfflgerii,
1026 1491 1158 1524 Fabritii

420 1550 450 1577 et
473 1544 574 1576 Martii
599 1544 804 1577 cardinalium
823 1544 1055 1587 praedictorum
1072 1555 1159 1588 prae-

421 1597 530 1638 sentia⁷
549 1608 606 1640 per
631 1597 834 1631 secretarium
856 1603 999 1630 nostrum
1014 1598 1159 1631 domesti-

419 1661 492 1683 cum
528 1651 761 1694 insi-ascriptum
798 1651 1008 1694 praeinsertas
1039 1651 1175 1684 litteras

419 1704 587 1747 originales
611 1705 648 1737 de
674 1705 769 1737 verbo
801 1705 837 1737 ad
870 1705 1001 1738 verbum
1031 1705 1092 1747 legi
1117 1706 1158 1737 se-

420 1758 530 1799 cimus⁷
555 1758 811 1801 voluntatemque
835 1764 863 1791 et
884 1759 1088 1792 intentionem
1106 1769 1158 1791 no-

419 1815 514 1844 stram
541 1811 656 1844 eisdem
681 1812 846 1847 Laudivio,
872 1812 1083 1854 Berlingerffi,
1104 1812 1175 1844 Fa-=

418 1864 513 1896 britio
537 1869 567 1896 et
591 1865 699 1897 Martio
725 1864 935 1897 cardinalibus
961 1875 998 1898 co
1022 1865 1158 1908 amplius

419 1917 646 1950 declaravimus
678 1923 707 1950 et
739 1918 872 1950 attestati
907 1929 1033 1960 sumus,
1065 1924 1156 1961 prout

418 1976 527 2005 tenore
551 1972 785 2015 praesentim-u⁷
816 1972 910 2004 etiam
935 1972 972 2004 dc
997 1972 1157 2012 Lanuini,

419 2024 616 2067 Berlingerii‚
641 2025 767 2057 Fabritii
785 2029 814 2058 et
834 2025 934 2057 Martii
951 2024 1156 2057 cardinalium

418 2078 652 2122 praedictorum
679 2079 824 2119 consilio,
850 2078 1059 2120 declaramus,
1081 2084 1158 2111 atte-

418 2137 538 2164 stamur
570 2137 599 2164 et
630 2132 849 2172 decernimus,
875 2136 1000 2165 nostrae
1024 2133 1157 2174 mentis,

419 2185 586 2218 voluntatis
618 2189 647 2218 et
678 2185 857 2217 intentionis
890 2185 1158 2218 incommutabilis

419 2249 543 2282 semper
568 2238 662 2272 fuisse
687 2244 717 2271 et
741 2249 807 2272 esse
831 2250 866 2271 ac
891 2238 1049 2272 futurum¹
1071 2239 1158 2272 dein-

421 2302 493 2336 ceps
516 2292 604 2333 sore‚
635 2292 724 2325 iustis
750 2292 787 2325 de
812 2293 914 2325 causis
938 2293 1077 2326 animum
1101 2303 1157 2326 no-

420 2351 519 2378 strum
538 2346 743 2387 mox-entibus⁷
759 2350 788 2378 et
801 2346 969 2389 praecipue
982 2356 1040 2389 pro
1051 2348 1157 2379 nostra

422 2409 457 2431 ac
480 2399 612 2432 Romani
638 2399 795 2431 Pontiticis
819 2399 941 2431 Domini
964 2399 1062 2432 nostri
1088 2399 1158 2432 Iesu

420 2453 534 2486 Christi
559 2453 590 2485 in
616 2453 706 2487 terris
730 2453 837 2486 vicarii
866 2453 1017 2495 dignitate
1041 2459 1071 2487 et
1094 2454 1154 2487 ho-

420 2517 496 2539 nore
522 2508 645 2540 tuendis
670 2513 700 2540 et
725 2508 962 2550 conservandis⁷
987 2518 1044 2552 per
1067 2518 1157 2552 prae-

420 2559 533 2593 dictam
559 2561 645 2604 pallii
670 2562 901 2605 impositionem
926 2571 961 2594 ac
991 2560 1157 2594 iuramenti

458 2624 470 2651 1
487 2623 553 2651 Male
570 2623 633 2652 edit.
649 2623 729 2653 Main.
745 2625 811 2660 legit
824 2626 957 2660 futuram
970 2624 1008 2660 (R.
1020 2624 1068 2658 12).

1006 212 1185 236 BULLARIUM
1208 212 1362 237 ROMANUM

1195 259 1352 293 fidelitatis
1368 260 1582 304 receptionem
1599 262 1682 296 illico
1698 262 1840 307 sequenti
1852 262 1931 296 hora

1194 311 1380 346 duodecima
1411 323 1429 345 a
1464 313 1556 346 nobis
1587 313 1780 357 faciendam,
1810 325 1846 349 ac
1873 325 1930 359 per

1194 376 1466 410 quorumcumque
1491 366 1563 400 inde
1586 372 1789 411 sequutorum
1815 379 1929 413 exequ-

1194 418 1312 452 tionem
1337 424 1367 452 et
1391 420 1554 460 effectum,
1579 425 1608 453 et
1632 430 1691 464 per
1714 431 1929 465 quoscumque

1177 464 1178 478 ¹
1194 477 1280 505 actus
1297 478 1431 514 nostros,
1446 479 1507 506 tam
1525 473 1648 518 publice
1666 484 1760 517 quam
1774 474 1930 518 privatim,

1175 509 1225 566 fet
1248 537 1305 570 per
1334 538 1547 572 quascumque
1571 528 1764 571 functiones,
1788 534 1851 561 tam
1876 538 1930 573 pa—

1175 608 1177 624 ,
1193 580 1278 623 pales
1295 586 1325 613 et
1341 581 1528 624 pontificias,
1549 592 1644 626 quam
1665 581 1884 624 cardinalifias,
1902 586 1931 615 et

1193 634 1268 666 alias
1292 644 1507 678 quascumque
1531 635 1748 669 concessiones
1773 639 1803 668 et
1825 634 1929 678 dispo-

1193 687 1321 721 sitiones
1345 693 1479 729 nostras,
1503 689 1597 721 etiam
1612 689 1746 732 gratiam
1770 688 1818 721 vel
1843 687 1930 721 iusti-

1175 761 1176 773 η
1194 740 1278 781 tiam,
1296 746 1348 773 aut
1368 741 1587 785 quodcumque
1605 741 1689 774 aliud
1709 740 1836 785 speciali
1856 742 1930 774 nota

1194 799 1222 826 et
1247 794 1449 838 expressione
1473 795 1601 838 dignum
1620 794 1813 828 continentes
1830 798 1860 827 et
1876 804 1931 827 seu

1175 844 1436 889 'eonem-nentes,
1462 848 1557 882 verbo
1582 848 1629 881 rel
1662 848 1694 881 in
1725 847 1850 891 scriptis
1879 852 1931 880 aut

1175 901 1294 941 5sacto,
1327 902 1374 934 vel
1405 901 1480 934 alias
1512 901 1749 945 quomodolibet
1780 901 1930 933 hactenus

1193 954 1294 987 cidem
1320 956 1449 999 Caspari
1480 955 1630 999 episcopo
1662 958 1692 989 et
1723 953 1872 988 cardinali
1901 959 1930 986 ct

1193 1008 1410 1051 complicibus,
1435 1009 1565 1053 aliisque
1586 1008 1763 1053 praedictis,
1780 1013 1811 1042 et
1824 1018 1880 1041 seu
1892 1007 1930 1040 ad

1193 1061 1318 1094 illorum
1345 1067 1374 1095 et
1395 1062 1561 1095 cuiuslibet
1581 1072 1690 1095 eorum
1716 1062 1855 1095 savorem
1876 1071 1931 1094 scu

1193 1115 1405 1156 commodum,
1423 1116 1519 1149 semel
1542 1121 1572 1149 et
1595 1116 1714 1159 pluries
1735 1116 1843 1156 factos,
1861 1125 1931 1149 con-

1193 1178 1306 1211 cessos,
1331 1169 1502 1213 permissos
1527 1173 1556 1204 et
1579 1169 1737 1210 toleratos,
1762 1169 1929 1212 saetasque,

1193 1231 1374 1263 concessas,
1399 1222 1570 1266 permissas
1594 1228 1624 1256 et
1648 1223 1814 1265 toleratas,
1839 1233 1875 1256 ac
1899 1223 1929 1254 in

1192 1280 1354 1318 posterum
1365 1276 1653 1320 quandocumque,
1681 1276 1931 1320 quomodocum-

1192 1339 1253 1373 que
1276 1334 1307 1362 et
1330 1329 1522 1374 ubicumque
1546 1330 1638 1363 etiarn
1663 1329 1808 1373 pluribus
1824 1334 1854 1362 et
1873 1329 1931 1362 rei-

1194 1382 1300 1415 teratis
1316 1382 1436 1416 vicibus
1452 1393 1509 1427 per
1527 1393 1585 1417 nos
1599 1388 1629 1416 et
1645 1381 1684 1416 de
1700 1382 1810 1416 ordine
1822 1385 1930 1417 nostro

1192 1435 1362 1477 faciendos,
1387 1436 1622 1478 concedendos,
1650 1435 1878 1480 permittendos
1902 1439 1931 1469 ct

1192 1489 1389 1530 tolerandos,
1420 1489 1639 1533 faciendasque
1654 1516 1661 1530 ‚
1694 1488 1908 1522 concedendas
1923 1515 1930 1529 ‚

1192 1542 1416 1586 permittendas
1454 1548 1484 1576 et
1519 1542 1717 1583 tolerandas,
1752 1542 1930 1575 nullatenus

1192 1596 1340 1629 recedere
1372 1607 1389 1628 a
1423 1596 1582 1640 praedicta
1617 1596 1718 1640 priori
1750 1595 1929 1631 voluntate,

1192 1649 1426 1690 deliberatione,
1451 1653 1554 1683 mente
1574 1654 1603 1682 et
1620 1648 1790 1682 intentione
1804 1648 1927 1689 nostris,

1192 1702 1373 1735 carumdem
1388 1702 1654 1746 praeinsertarum
1668 1712 1703 1735 ac
1716 1701 1929 1745 praesentium

1192 1755 1368 1788 litterarum
1392 1760 1501 1788 tenore
1525 1755 1707 1795 declaratis,
1737 1764 1794 1787 nec
1823 1754 1861 1786 ab
1886 1754 1930 1786 eis

1192 1819 1248 1841 nos
1274 1809 1305 1840 in
1329 1809 1434 1852 aliquo
1459 1818 1617 1852 separare,
1642 1808 1696 1841 sed
1715 1807 1821 1852 potius
1837 1807 1868 1840 in
1885 1807 1930 1840 eis

1193 1862 1355 1906 hucusque
1385 1867 1415 1895 et
1446 1862 1477 1894 in
1505 1863 1647 1895 futurum
1683 1862 1866 1895 continuare
1901 1865 1930 1895 et

1193 1926 1396 1960 perseverare
1422 1916 1557 1949 voluisse
1589 1920 1619 1949 et
1647 1915 1745 1955 velle3
1770 1915 1929 1958 quinimo,

1174 1970 1326 2013 ⁴amplius
1346 1974 1485 2002 mentem
1508 1969 1633 2002 firmam
1657 1973 1798 2002 nostram
1825 1968 1928 2000 decla-

1193 2034 1263 2056 rare
1287 2024 1436 2064 volentes,
1461 2022 1643 2056 earumdem
1661 2027 1770 2055 tenore
1786 2031 1931 2065 praesen-

1193 2077 1270 2109 tium
1301 2077 1498 2110 decernimus
1531 2081 1562 2109 et
1591 2075 1819 2119 prohibemus,
1843 2076 1929 2109 nullo

1193 2141 1329 2175 unquam
1354 2136 1496 2174 tempore
1523 2140 1581 2174 per
1606 2129 1733 2163 eosdem
1758 2130 1929 2174 Gasparem

1193 2184 1376 2227 episcopum
1402 2189 1432 2216 et
1457 2183 1658 2224 cardinalem,
1679 2183 1818 2227 aliosque
1838 2193 1927 2226 prae-

1192 2237 1301 2277 dictos,
1319 2242 1348 2270 et
1364 2236 1536 2281 quemlibet
1555 2236 1661 2277 alium,
1679 2247 1770 2280 posse
1789 2236 1929 2280 allegari,

1192 2290 1353 2334 praetendi
1378 2294 1407 2323 et
1431 2289 1562 2329 deduci,
1587 2289 1681 2322 fuisse
1705 2300 1763 2333 per
1790 2299 1847 2322 nos
1870 2298 1928 2322 un-

1193 2354 1286 2387 quam
1312 2343 1356 2376 eis
1380 2343 1498 2387 aliquid
1523 2343 1701 2386 remissum,
1719 2342 1929 2377 condonatum

1192 2398 1239 2430 vel
1264 2397 1447 2438 relaxatum,
1471 2407 1528 2430 nec
1545 2407 1562 2430 a
1578 2397 1677 2441 priori
1701 2398 1859 2432 voluntate
1875 2406 1929 2430 no-

1191 2452 1255 2484 stra
1280 2462 1448 2485 recessum.

1236 2506 1251 2548 g
1267 2504 1295 2538 3.
1313 2505 1521 2538 Decernentes
1535 2505 1628 2538 etiam
1642 2505 1766 2538 irritum
1784 2509 1814 2537 ct
1826 2504 1927 2545 inane,

1192 2558 1217 2591 si
1239 2569 1329 2591 secus
1354 2569 1448 2603 super
1463 2559 1513 2592 his
1529 2569 1547 2592 a
1565 2569 1734 2602 quoquam,
1751 2558 1859 2602 quavis
1877 2568 1928 2591 au-

1193 2612 1344 2654 ctoritate,
1370 2612 1505 2646 scienter
1532 2612 1580 2646 vel
1609 2612 1807 2656 ignoranter,
1830 2611 1928 2646 conti-

1950 213 1999 241 An.
2016 213 2045 242 C.
2062 214 2130 243 {633¹

1971 2508 2090 2534 clausulae.
