<?xml version="1.0" encoding="UTF-8"?>
<!DOCTYPE html PUBLIC "-//W3C//DTD XHTML 1.0 Transitional//EN"
    "http://www.w3.org/TR/xhtml1/DTD/xhtml1-transitional.dtd">
<html xmlns="http://www.w3.org/1999/xhtml" xml:lang="en" lang="en">
 <head>
  <title>
</title>
<meta http-equiv="Content-Type" content="text/html;charset=utf-8" />
  <meta name='ocr-system' content='tesseract 3.04.00' />
  <meta name='ocr-capabilities' content='ocr_page ocr_carea ocr_par ocr_line ocrx_word'/>
</head>
<body>
  <div class='ocr_page' id='page_1' title='image "./bullarumdiplomat14cath_0307.png"; bbox 0 0 2248 3229; ppageno 0'>
   <div class='ocr_carea' id='block_1_1' title="bbox 85 236 1043 2310">
    <p class='ocr_par' dir='ltr' id='par_1_1' title="bbox 85 236 1032 1283">
     <span class='ocr_line' id='line_1_1' title="bbox 85 236 266 267; baseline -0.006 -1"><span class='ocrx_word' id='word_1_1' title='bbox 85 238 135 267; x_wconf 83' lang='lat' dir='ltr'>An.</span> <span class='ocrx_word' id='word_1_2' title='bbox 151 236 179 266; x_wconf 86' lang='lat' dir='ltr'>C.</span> <span class='ocrx_word' id='word_1_3' title='bbox 201 236 266 266; x_wconf 80' lang='lat'><strong>1631</strong></span> 
     </span>
     <span class='ocr_line' id='line_1_2' title="bbox 282 283 1023 329; baseline -0.003 -10"><span class='ocrx_word' id='word_1_4' title='bbox 282 283 419 326; x_wconf 84' lang='lat' dir='ltr'>liberis¹‚</span> <span class='ocrx_word' id='word_1_5' title='bbox 437 294 472 318; x_wconf 92' lang='lat' dir='ltr'>ac</span> <span class='ocrx_word' id='word_1_6' title='bbox 489 284 580 319; x_wconf 88' lang='lat' dir='ltr'>etiam</span> <span class='ocrx_word' id='word_1_7' title='bbox 598 294 692 329; x_wconf 87' lang='lat' dir='ltr'>super</span> <span class='ocrx_word' id='word_1_8' title='bbox 712 284 868 318; x_wconf 86' lang='lat' dir='ltr'>bonorum</span> <span class='ocrx_word' id='word_1_9' title='bbox 889 285 1023 318; x_wconf 84' lang='lat' dir='ltr'>vincula-</span> 
     </span>
     <span class='ocr_line' id='line_1_3' title="bbox 284 338 1022 382; baseline -0.003 -10"><span class='ocrx_word' id='word_1_10' title='bbox 284 344 399 379; x_wconf 84' lang='lat' dir='ltr'>torum,</span> <span class='ocrx_word' id='word_1_11' title='bbox 423 338 517 372; x_wconf 86' lang='lat' dir='ltr'>etiam</span> <span class='ocrx_word' id='word_1_12' title='bbox 542 339 573 371; x_wconf 91' lang='lat' dir='ltr'>in</span> <span class='ocrx_word' id='word_1_13' title='bbox 606 338 746 372; x_wconf 75' lang='lat' dir='ltr'>archivio</span> <span class='ocrx_word' id='word_1_14' title='bbox 770 338 1022 382; x_wconf 84' lang='lat' dir='ltr'>descriptorum,</span> 
     </span>
     <span class='ocr_line' id='line_1_4' title="bbox 283 391 1024 436; baseline -0.001 -11"><span class='ocrx_word' id='word_1_15' title='bbox 283 391 322 425; x_wconf 89' lang='lat' dir='ltr'>ad</span> <span class='ocrx_word' id='word_1_16' title='bbox 346 402 400 426; x_wconf 89' lang='lat' dir='ltr'>eos</span> <span class='ocrx_word' id='word_1_17' title='bbox 423 392 475 436; x_wconf 80' lang='lat' dir='ltr'>qui</span> <span class='ocrx_word' id='word_1_18' title='bbox 502 397 727 426; x_wconf 83' lang='lat' dir='ltr'>contraxerunt</span> <span class='ocrx_word' id='word_1_19' title='bbox 751 392 855 426; x_wconf 84' lang='lat' dir='ltr'>debita</span> <span class='ocrx_word' id='word_1_20' title='bbox 886 397 1024 436; x_wconf 84' lang='lat' dir='ltr'>spectan-</span> 
     </span>
     <span class='ocr_line' id='line_1_5' title="bbox 285 445 1023 489; baseline -0.001 -10"><span class='ocrx_word' id='word_1_21' title='bbox 285 446 373 489; x_wconf 87' lang='lat' dir='ltr'>tium,</span> <span class='ocrx_word' id='word_1_22' title='bbox 391 445 556 487; x_wconf 78' lang='lat' dir='ltr'>fructibus,</span> <span class='ocrx_word' id='word_1_23' title='bbox 573 456 683 479; x_wconf 89' lang='lat' dir='ltr'>eorum</span> <span class='ocrx_word' id='word_1_24' title='bbox 699 446 762 478; x_wconf 79' lang='lat' dir='ltr'>vita</span> <span class='ocrx_word' id='word_1_25' title='bbox 779 445 922 486; x_wconf 89' lang='lat' dir='ltr'>durante,</span> <span class='ocrx_word' id='word_1_26' title='bbox 939 445 1023 478; x_wconf 80' lang='lat' dir='ltr'>iuxta</span> 
     </span>
     <span class='ocr_line' id='line_1_6' title="bbox 284 498 1025 543; baseline -0.003 -11"><span class='ocrx_word' id='word_1_27' title='bbox 284 498 363 533; x_wconf 91' lang='lat' dir='ltr'>iuris</span> <span class='ocrx_word' id='word_1_28' title='bbox 388 499 565 533; x_wconf 86' lang='lat' dir='ltr'>communis</span> <span class='ocrx_word' id='word_1_29' title='bbox 589 499 841 543; x_wconf 68' lang='lat' dir='ltr'>dispositionem,</span> <span class='ocrx_word' id='word_1_30' title='bbox 858 499 911 532; x_wconf 90' lang='lat' dir='ltr'>sed</span> <span class='ocrx_word' id='word_1_31' title='bbox 930 502 959 532; x_wconf 92' lang='lat' dir='ltr'>et</span> <span class='ocrx_word' id='word_1_32' title='bbox 974 508 1025 542; x_wconf 90' lang='lat' dir='ltr'>pa-</span> 
     </span>
     <span class='ocr_line' id='line_1_7' title="bbox 284 552 1025 597; baseline -0.004 -12"><span class='ocrx_word' id='word_1_33' title='bbox 284 552 362 586; x_wconf 88' lang='lat' dir='ltr'>riter</span> <span class='ocrx_word' id='word_1_34' title='bbox 386 563 482 597; x_wconf 87' lang='lat' dir='ltr'>super</span> <span class='ocrx_word' id='word_1_35' title='bbox 506 552 580 596; x_wconf 85' lang='lat' dir='ltr'>ipsis</span> <span class='ocrx_word' id='word_1_36' title='bbox 606 552 897 593; x_wconf 61' lang='lat' dir='ltr'>bonis&gt;vinculatis,</span> <span class='ocrx_word' id='word_1_37' title='bbox 922 557 966 592; x_wconf 84' lang='lat' dir='ltr'>et,</span> <span class='ocrx_word' id='word_1_38' title='bbox 992 556 1025 583; x_wconf 91' lang='lat' dir='ltr'>ut</span> 
     </span>
     <span class='ocr_line' id='line_1_8' title="bbox 284 605 1025 650; baseline -0.004 -11"><span class='ocrx_word' id='word_1_39' title='bbox 284 606 482 649; x_wconf 84' lang='lat' dir='ltr'>praesertur,</span> <span class='ocrx_word' id='word_1_40' title='bbox 508 605 672 649; x_wconf 89' lang='lat' dir='ltr'>descriptis</span> <span class='ocrx_word' id='word_1_41' title='bbox 697 606 735 649; x_wconf 72' lang='lat' dir='ltr'>(si</span> <span class='ocrx_word' id='word_1_42' title='bbox 765 606 891 650; x_wconf 83' lang='lat' dir='ltr'>quidem</span> <span class='ocrx_word' id='word_1_43' title='bbox 921 605 1025 638; x_wconf 84' lang='lat' dir='ltr'>debita</span> 
     </span>
     <span class='ocr_line' id='line_1_9' title="bbox 287 659 1025 703; baseline -0.003 -11"><span class='ocrx_word' id='word_1_44' title='bbox 287 659 402 693; x_wconf 80' lang='lat' dir='ltr'>tuerint</span> <span class='ocrx_word' id='word_1_45' title='bbox 421 659 460 692; x_wconf 91' lang='lat' dir='ltr'>de</span> <span class='ocrx_word' id='word_1_46' title='bbox 483 659 571 694; x_wconf 83' lang='lat' dir='ltr'>Sedis</span> <span class='ocrx_word' id='word_1_47' title='bbox 596 660 791 703; x_wconf 77' lang='lat' dir='ltr'>Apostolicae</span> <span class='ocrx_word' id='word_1_48' title='bbox 817 659 941 693; x_wconf 75' lang='lat' dir='ltr'>lieentia</span> <span class='ocrx_word' id='word_1_49' title='bbox 954 669 1025 692; x_wconf 90' lang='lat' dir='ltr'>cum</span> 
     </span>
     <span class='ocr_line' id='line_1_10' title="bbox 287 712 1026 756; baseline 0 -12"><span class='ocrx_word' id='word_1_50' title='bbox 287 712 491 756; x_wconf 77' lang='lat' dir='ltr'>derogatione</span> <span class='ocrx_word' id='word_1_51' title='bbox 516 712 714 746; x_wconf 89' lang='lat' dir='ltr'>vinculorum</span> <span class='ocrx_word' id='word_1_52' title='bbox 744 712 924 746; x_wconf 91' lang='lat' dir='ltr'>huiusmodi</span> <span class='ocrx_word' id='word_1_53' title='bbox 953 723 1026 745; x_wconf 81' lang='lat' dir='ltr'>con-</span> 
     </span>
     <span class='ocr_line' id='line_1_11' title="bbox 288 765 1026 810; baseline -0.001 -12"><span class='ocrx_word' id='word_1_54' title='bbox 288 767 400 810; x_wconf 89' lang='lat' dir='ltr'>tracta)</span> <span class='ocrx_word' id='word_1_55' title='bbox 414 766 445 799; x_wconf 92' lang='lat' dir='ltr'>in</span> <span class='ocrx_word' id='word_1_56' title='bbox 459 766 520 799; x_wconf 86' lang='lat' dir='ltr'>vim</span> <span class='ocrx_word' id='word_1_57' title='bbox 538 766 638 800; x_wconf 90' lang='lat' dir='ltr'>dictae</span> <span class='ocrx_word' id='word_1_58' title='bbox 656 767 886 801; x_wconf 66' lang='lat' dir='ltr'>constitutionis</span> <span class='ocrx_word' id='word_1_59' title='bbox 899 769 929 799; x_wconf 92' lang='lat' dir='ltr'>et</span> <span class='ocrx_word' id='word_1_60' title='bbox 942 765 1026 798; x_wconf 83' lang='lat' dir='ltr'>iuxta</span> 
     </span>
     <span class='ocr_line' id='line_1_12' title="bbox 288 819 1026 866; baseline -0.001 -14"><span class='ocrx_word' id='word_1_61' title='bbox 288 819 372 853; x_wconf 90' lang='lat' dir='ltr'>illius</span> <span class='ocrx_word' id='word_1_62' title='bbox 396 821 530 854; x_wconf 88' lang='lat' dir='ltr'>sormam</span> <span class='ocrx_word' id='word_1_63' title='bbox 556 821 686 866; x_wconf 79' lang='lat' dir='ltr'>procedi</span> <span class='ocrx_word' id='word_1_64' title='bbox 718 821 817 864; x_wconf 88' lang='lat' dir='ltr'>possit</span> <span class='ocrx_word' id='word_1_65' title='bbox 841 826 871 854; x_wconf 89' lang='lat' dir='ltr'>et</span> <span class='ocrx_word' id='word_1_66' title='bbox 895 819 1026 859; x_wconf 59' lang='lat' dir='ltr'>debeat,</span> 
     </span>
     <span class='ocr_line' id='line_1_13' title="bbox 288 871 1028 919; baseline -0.004 -12"><span class='ocrx_word' id='word_1_67' title='bbox 288 873 494 919; x_wconf 82' lang='lat' dir='ltr'>eamdemque</span> <span class='ocrx_word' id='word_1_68' title='bbox 501 874 756 908; x_wconf 89' lang='lat' dir='ltr'>constitutionem</span> <span class='ocrx_word' id='word_1_69' title='bbox 767 871 1028 916; x_wconf 73' lang='lat' dir='ltr'>etchirographa²</span> 
     </span>
     <span class='ocr_line' id='line_1_14' title="bbox 288 927 1029 972; baseline -0.001 -12"><span class='ocrx_word' id='word_1_70' title='bbox 288 927 426 972; x_wconf 88' lang='lat' dir='ltr'>pupillos</span> <span class='ocrx_word' id='word_1_71' title='bbox 454 933 484 961; x_wconf 88' lang='lat' dir='ltr'>et</span> <span class='ocrx_word' id='word_1_72' title='bbox 508 928 584 961; x_wconf 86' lang='lat' dir='ltr'>alias</span> <span class='ocrx_word' id='word_1_73' title='bbox 612 938 723 961; x_wconf 91' lang='lat' dir='ltr'>omnes</span> <span class='ocrx_word' id='word_1_74' title='bbox 751 936 904 971; x_wconf 84' lang='lat' dir='ltr'>personas</span> <span class='ocrx_word' id='word_1_75' title='bbox 934 936 1029 970; x_wconf 84' lang='lat' dir='ltr'>quan-</span> 
     </span>
     <span class='ocr_line' id='line_1_15' title="bbox 290 981 1029 1026; baseline -0.003 -12"><span class='ocrx_word' id='word_1_76' title='bbox 290 982 405 1015; x_wconf 85' lang='lat' dir='ltr'>tumvis</span> <span class='ocrx_word' id='word_1_77' title='bbox 425 981 637 1025; x_wconf 86' lang='lat' dir='ltr'>privilegiatas</span> <span class='ocrx_word' id='word_1_78' title='bbox 653 981 838 1026; x_wconf 87' lang='lat' dir='ltr'>praedictas,</span> <span class='ocrx_word' id='word_1_79' title='bbox 849 990 911 1013; x_wconf 87' lang='lat' dir='ltr'>non</span> <span class='ocrx_word' id='word_1_80' title='bbox 928 981 1029 1013; x_wconf 83' lang='lat' dir='ltr'>solum</span> 
     </span>
     <span class='ocr_line' id='line_1_16' title="bbox 290 1033 1030 1078; baseline 0 -12"><span class='ocrx_word' id='word_1_81' title='bbox 290 1034 388 1068; x_wconf 88' lang='lat' dir='ltr'>active</span> <span class='ocrx_word' id='word_1_82' title='bbox 416 1035 469 1068; x_wconf 88' lang='lat' dir='ltr'>sed</span> <span class='ocrx_word' id='word_1_83' title='bbox 498 1034 590 1068; x_wconf 89' lang='lat' dir='ltr'>etiam</span> <span class='ocrx_word' id='word_1_84' title='bbox 624 1034 768 1078; x_wconf 86' lang='lat' dir='ltr'>passive,</span> <span class='ocrx_word' id='word_1_85' title='bbox 798 1033 828 1066; x_wconf 92' lang='lat' dir='ltr'>in</span> <span class='ocrx_word' id='word_1_86' title='bbox 862 1034 1030 1077; x_wconf 81' lang='lat' dir='ltr'>praedictis</span> 
     </span>
     <span class='ocr_line' id='line_1_17' title="bbox 291 1087 1031 1131; baseline -0.003 -11"><span class='ocrx_word' id='word_1_87' title='bbox 291 1088 512 1122; x_wconf 82' lang='lat' dir='ltr'>constitutione</span> <span class='ocrx_word' id='word_1_88' title='bbox 533 1093 563 1121; x_wconf 92' lang='lat' dir='ltr'>et</span> <span class='ocrx_word' id='word_1_89' title='bbox 587 1087 807 1131; x_wconf 67' lang='lat' dir='ltr'>chirographis</span> <span class='ocrx_word' id='word_1_90' title='bbox 828 1087 1031 1130; x_wconf 84' lang='lat' dir='ltr'>comprehcn-</span> 
     </span>
     <span class='ocr_line' id='line_1_18' title="bbox 291 1141 1032 1185; baseline -0.003 -11"><span class='ocrx_word' id='word_1_91' title='bbox 291 1152 341 1174; x_wconf 85' lang='lat' dir='ltr'>sas</span> <span class='ocrx_word' id='word_1_92' title='bbox 371 1142 466 1175; x_wconf 88' lang='lat' dir='ltr'>t&#39;uisse</span> <span class='ocrx_word' id='word_1_93' title='bbox 497 1147 525 1175; x_wconf 86' lang='lat' dir='ltr'>et</span> <span class='ocrx_word' id='word_1_94' title='bbox 558 1141 784 1185; x_wconf 88' lang='lat' dir='ltr'>comprehendi</span> <span class='ocrx_word' id='word_1_95' title='bbox 809 1141 941 1183; x_wconf 81' lang='lat' dir='ltr'>debere,</span> <span class='ocrx_word' id='word_1_96' title='bbox 974 1141 1032 1174; x_wconf 74' lang='lat' dir='ltr'>cis-</span> 
     </span>
     <span class='ocr_line' id='line_1_19' title="bbox 292 1194 1032 1228; baseline -0.001 -1"><span class='ocrx_word' id='word_1_97' title='bbox 292 1195 362 1228; x_wconf 90' lang='lat' dir='ltr'>dem</span> <span class='ocrx_word' id='word_1_98' title='bbox 387 1195 572 1228; x_wconf 87' lang='lat' dir='ltr'>auctoritate</span> <span class='ocrx_word' id='word_1_99' title='bbox 588 1200 618 1228; x_wconf 91' lang='lat' dir='ltr'>et</span> <span class='ocrx_word' id='word_1_100' title='bbox 635 1199 743 1228; x_wconf 88' lang='lat' dir='ltr'>tenore</span> <span class='ocrx_word' id='word_1_101' title='bbox 768 1194 912 1228; x_wconf 88' lang='lat' dir='ltr'>similiter</span> <span class='ocrx_word' id='word_1_102' title='bbox 934 1195 1032 1227; x_wconf 77' lang='lat' dir='ltr'>decla-</span> 
     </span>
     <span class='ocr_line' id='line_1_20' title="bbox 294 1248 686 1283; baseline 0 -2"><span class='ocrx_word' id='word_1_103' title='bbox 294 1259 400 1282; x_wconf 88' lang='lat' dir='ltr'>ramus</span> <span class='ocrx_word' id='word_1_104' title='bbox 424 1254 455 1282; x_wconf 91' lang='lat' dir='ltr'>ct</span> <span class='ocrx_word' id='word_1_105' title='bbox 477 1248 686 1283; x_wconf 81' lang='lat' dir='ltr'>decernimus.</span> 
     </span>
    </p>

    <p class='ocr_par' dir='ltr' id='par_1_2' title="bbox 294 1301 1042 2199">
     <span class='ocr_line' id='line_1_21' title="bbox 337 1301 1034 1347; baseline -0.003 -12"><span class='ocrx_word' id='word_1_106' title='bbox 337 1303 352 1346; x_wconf 63' lang='grc' dir='ltr'>ἓ</span> <span class='ocrx_word' id='word_1_107' title='bbox 376 1303 406 1335; x_wconf 63' lang='grc'>4.</span> <span class='ocrx_word' id='word_1_108' title='bbox 432 1303 544 1347; x_wconf 80' lang='lat' dir='ltr'>Sieque</span> <span class='ocrx_word' id='word_1_109' title='bbox 569 1307 599 1336; x_wconf 90' lang='lat' dir='ltr'>et</span> <span class='ocrx_word' id='word_1_110' title='bbox 622 1313 684 1336; x_wconf 88' lang='lat' dir='ltr'>non</span> <span class='ocrx_word' id='word_1_111' title='bbox 709 1302 785 1335; x_wconf 74' lang='lat' dir='ltr'>alias</span> <span class='ocrx_word' id='word_1_112' title='bbox 805 1302 835 1334; x_wconf 90' lang='lat' dir='ltr'>in</span> <span class='ocrx_word' id='word_1_113' title='bbox 852 1301 1034 1346; x_wconf 73' lang='lat' dir='ltr'>praemissis</span> 
     </span>
     <span class='ocr_line' id='line_1_22' title="bbox 294 1355 1034 1399; baseline -0.003 -11"><span class='ocrx_word' id='word_1_114' title='bbox 294 1356 440 1389; x_wconf 82' lang='lat' dir='ltr'>omnibus</span> <span class='ocrx_word' id='word_1_115' title='bbox 465 1361 495 1389; x_wconf 90' lang='lat' dir='ltr'>et</span> <span class='ocrx_word' id='word_1_116' title='bbox 519 1356 650 1399; x_wconf 85' lang='lat' dir='ltr'>singulis</span> <span class='ocrx_word' id='word_1_117' title='bbox 675 1367 732 1399; x_wconf 88' lang='lat' dir='ltr'>per</span> <span class='ocrx_word' id='word_1_118' title='bbox 756 1366 973 1399; x_wconf 76' lang='lat' dir='ltr'>quoscumspie</span> <span class='ocrx_word' id='word_1_119' title='bbox 992 1355 1034 1386; x_wconf 88' lang='lat' dir='ltr'>iu-</span> 
     </span>
     <span class='ocr_line' id='line_1_23' title="bbox 294 1409 1034 1452; baseline 0 -11"><span class='ocrx_word' id='word_1_120' title='bbox 294 1409 378 1443; x_wconf 90' lang='lat' dir='ltr'>dices</span> <span class='ocrx_word' id='word_1_121' title='bbox 403 1409 581 1443; x_wconf 79' lang='lat' dir='ltr'>ordinarios</span> <span class='ocrx_word' id='word_1_122' title='bbox 605 1414 634 1441; x_wconf 92' lang='lat' dir='ltr'>et</span> <span class='ocrx_word' id='word_1_123' title='bbox 658 1409 829 1452; x_wconf 79' lang='lat' dir='ltr'>delegatos,</span> <span class='ocrx_word' id='word_1_124' title='bbox 851 1409 959 1452; x_wconf 83' lang='lat' dir='ltr'>quavis</span> <span class='ocrx_word' id='word_1_125' title='bbox 983 1419 1034 1441; x_wconf 86' lang='lat' dir='ltr'>au-</span> 
     </span>
     <span class='ocr_line' id='line_1_24' title="bbox 294 1462 1034 1506; baseline -0.003 -10"><span class='ocrx_word' id='word_1_126' title='bbox 294 1463 439 1496; x_wconf 88' lang='lat' dir='ltr'>ctoritate</span> <span class='ocrx_word' id='word_1_127' title='bbox 453 1464 628 1506; x_wconf 77' lang='lat' dir='ltr'>fungentes,</span> <span class='ocrx_word' id='word_1_128' title='bbox 641 1463 735 1496; x_wconf 85' lang='lat' dir='ltr'>etiam</span> <span class='ocrx_word' id='word_1_129' title='bbox 750 1474 914 1497; x_wconf 89' lang='lat' dir='ltr'>causarum</span> <span class='ocrx_word' id='word_1_130' title='bbox 928 1462 1034 1506; x_wconf 86' lang='lat' dir='ltr'>palatii</span> 
     </span>
     <span class='ocr_line' id='line_1_25' title="bbox 294 1517 1035 1560; baseline -0.001 -11"><span class='ocrx_word' id='word_1_131' title='bbox 294 1517 459 1560; x_wconf 85' lang='lat' dir='ltr'>apostolici</span> <span class='ocrx_word' id='word_1_132' title='bbox 483 1517 654 1558; x_wconf 77' lang='lat' dir='ltr'>auditores,</span> <span class='ocrx_word' id='word_1_133' title='bbox 678 1527 714 1550; x_wconf 87' lang='lat' dir='ltr'>ac</span> <span class='ocrx_word' id='word_1_134' title='bbox 734 1522 859 1550; x_wconf 84' lang='lat' dir='ltr'>sanetae</span> <span class='ocrx_word' id='word_1_135' title='bbox 876 1517 1035 1550; x_wconf 82' lang='lat' dir='ltr'>Romanae</span> 
     </span>
     <span class='ocr_line' id='line_1_26' title="bbox 296 1569 1035 1613; baseline -0.003 -11"><span class='ocrx_word' id='word_1_136' title='bbox 296 1570 453 1602; x_wconf 81' lang='lat' dir='ltr'>Ecclesiae</span> <span class='ocrx_word' id='word_1_137' title='bbox 467 1570 688 1612; x_wconf 83' lang='lat' dir='ltr'>camerarium,</span> <span class='ocrx_word' id='word_1_138' title='bbox 697 1569 838 1613; x_wconf 85' lang='lat' dir='ltr'>aliosque</span> <span class='ocrx_word' id='word_1_139' title='bbox 850 1569 1035 1608; x_wconf 74' lang='lat' dir='ltr'>cardinales,</span> 
     </span>
     <span class='ocr_line' id='line_1_27' title="bbox 295 1622 1036 1667; baseline -0.003 -12"><span class='ocrx_word' id='word_1_140' title='bbox 295 1622 389 1655; x_wconf 88' lang='lat' dir='ltr'>etiam</span> <span class='ocrx_word' id='word_1_141' title='bbox 407 1623 446 1656; x_wconf 90' lang='lat' dir='ltr'>de</span> <span class='ocrx_word' id='word_1_142' title='bbox 465 1623 563 1656; x_wconf 86' lang='lat' dir='ltr'>latere</span> <span class='ocrx_word' id='word_1_143' title='bbox 580 1623 699 1666; x_wconf 85' lang='lat' dir='ltr'>legatos</span> <span class='ocrx_word' id='word_1_144' title='bbox 723 1628 753 1656; x_wconf 84' lang='lat' dir='ltr'>et</span> <span class='ocrx_word' id='word_1_145' title='bbox 775 1623 966 1667; x_wconf 85' lang='lat' dir='ltr'>protegatos,</span> <span class='ocrx_word' id='word_1_146' title='bbox 993 1622 1036 1654; x_wconf 88' lang='lat' dir='ltr'>di-</span> 
     </span>
     <span class='ocr_line' id='line_1_28' title="bbox 295 1676 1036 1719; baseline 0 -11"><span class='ocrx_word' id='word_1_147' title='bbox 295 1680 426 1719; x_wconf 86' lang='lat' dir='ltr'>ctaeque</span> <span class='ocrx_word' id='word_1_148' title='bbox 450 1676 539 1709; x_wconf 88' lang='lat' dir='ltr'>Sedis</span> <span class='ocrx_word' id='word_1_149' title='bbox 562 1677 711 1718; x_wconf 77' lang='lat' dir='ltr'>nuncios,</span> <span class='ocrx_word' id='word_1_150' title='bbox 737 1681 767 1709; x_wconf 91' lang='lat' dir='ltr'>et</span> <span class='ocrx_word' id='word_1_151' title='bbox 791 1687 957 1710; x_wconf 86' lang='lat' dir='ltr'>causarum</span> <span class='ocrx_word' id='word_1_152' title='bbox 983 1687 1036 1709; x_wconf 91' lang='lat' dir='ltr'>cu-</span> 
     </span>
     <span class='ocr_line' id='line_1_29' title="bbox 296 1728 1034 1773; baseline 0 -12"><span class='ocrx_word' id='word_1_153' title='bbox 296 1728 362 1762; x_wconf 87' lang='lat' dir='ltr'>riae</span> <span class='ocrx_word' id='word_1_154' title='bbox 386 1739 530 1762; x_wconf 87' lang='lat' dir='ltr'>camerae</span> <span class='ocrx_word' id='word_1_155' title='bbox 552 1729 710 1773; x_wconf 70' lang='lat' dir='ltr'>praefatae</span> <span class='ocrx_word' id='word_1_156' title='bbox 737 1730 917 1772; x_wconf 73' lang='lat' dir='ltr'>generalem</span> <span class='ocrx_word' id='word_1_157' title='bbox 948 1729 1034 1762; x_wconf 87' lang='lat' dir='ltr'>audi-</span> 
     </span>
     <span class='ocr_line' id='line_1_30' title="bbox 297 1782 1038 1827; baseline 0.001 -13"><span class='ocrx_word' id='word_1_158' title='bbox 297 1787 398 1816; x_wconf 80' lang='lat' dir='ltr'>torem</span> <span class='ocrx_word' id='word_1_159' title='bbox 413 1809 421 1824; x_wconf 85' lang='lat'>,</span> <span class='ocrx_word' id='word_1_160' title='bbox 444 1793 481 1816; x_wconf 87' lang='lat' dir='ltr'>ac</span> <span class='ocrx_word' id='word_1_161' title='bbox 504 1783 736 1816; x_wconf 87' lang='lat' dir='ltr'>thesaurarium</span> <span class='ocrx_word' id='word_1_162' title='bbox 761 1788 792 1816; x_wconf 87' lang='lat' dir='ltr'>et</span> <span class='ocrx_word' id='word_1_163' title='bbox 823 1782 1038 1827; x_wconf 72' lang='lat' dir='ltr'>praesidentes</span> 
     </span>
     <span class='ocr_line' id='line_1_31' title="bbox 299 1835 1038 1879; baseline -0.001 -10"><span class='ocrx_word' id='word_1_164' title='bbox 299 1835 431 1869; x_wconf 90' lang='lat' dir='ltr'>clericos</span> <span class='ocrx_word' id='word_1_165' title='bbox 455 1836 592 1879; x_wconf 80' lang='lat' dir='ltr'>(sublata</span> <span class='ocrx_word' id='word_1_166' title='bbox 617 1836 678 1877; x_wconf 92' lang='lat' dir='ltr'>eis,</span> <span class='ocrx_word' id='word_1_167' title='bbox 703 1840 733 1870; x_wconf 90' lang='lat' dir='ltr'>et</span> <span class='ocrx_word' id='word_1_168' title='bbox 756 1846 867 1870; x_wconf 90' lang='lat' dir='ltr'>eorum</span> <span class='ocrx_word' id='word_1_169' title='bbox 893 1836 1038 1876; x_wconf 84' lang='lat' dir='ltr'>cuilibet,</span> 
     </span>
     <span class='ocr_line' id='line_1_32' title="bbox 299 1889 1038 1934; baseline 0 -12"><span class='ocrx_word' id='word_1_170' title='bbox 299 1889 409 1933; x_wconf 85' lang='lat' dir='ltr'>quavis</span> <span class='ocrx_word' id='word_1_171' title='bbox 441 1890 532 1923; x_wconf 91' lang='lat' dir='ltr'>aliter</span> <span class='ocrx_word' id='word_1_172' title='bbox 564 1889 723 1923; x_wconf 78' lang='lat' dir='ltr'>iudicandi</span> <span class='ocrx_word' id='word_1_173' title='bbox 747 1895 777 1922; x_wconf 90' lang='lat' dir='ltr'>et</span> <span class='ocrx_word' id='word_1_174' title='bbox 810 1890 1038 1934; x_wconf 90' lang='lat' dir='ltr'>interpretandi</span> 
     </span>
     <span class='ocr_line' id='line_1_33' title="bbox 300 1943 1038 1987; baseline 0.001 -12"><span class='ocrx_word' id='word_1_175' title='bbox 300 1943 444 1977; x_wconf 82' lang='lat' dir='ltr'>facultate</span> <span class='ocrx_word' id='word_1_176' title='bbox 469 1949 499 1976; x_wconf 92' lang='lat' dir='ltr'>et</span> <span class='ocrx_word' id='word_1_177' title='bbox 522 1943 721 1987; x_wconf 85' lang='lat' dir='ltr'>auctoritate)</span> <span class='ocrx_word' id='word_1_178' title='bbox 747 1943 879 1976; x_wconf 85' lang='lat' dir='ltr'>iudicari</span> <span class='ocrx_word' id='word_1_179' title='bbox 903 1948 933 1976; x_wconf 92' lang='lat' dir='ltr'>et</span> <span class='ocrx_word' id='word_1_180' title='bbox 957 1943 1038 1976; x_wconf 86' lang='lat' dir='ltr'>defi-</span> 
     </span>
     <span class='ocr_line' id='line_1_34' title="bbox 300 1997 1039 2041; baseline 0.001 -12"><span class='ocrx_word' id='word_1_181' title='bbox 300 1997 362 2029; x_wconf 89' lang='lat' dir='ltr'>niri</span> <span class='ocrx_word' id='word_1_182' title='bbox 379 1997 505 2038; x_wconf 87' lang='lat' dir='ltr'>debere,</span> <span class='ocrx_word' id='word_1_183' title='bbox 525 2008 561 2030; x_wconf 89' lang='lat' dir='ltr'>ac</span> <span class='ocrx_word' id='word_1_184' title='bbox 578 1997 702 2030; x_wconf 86' lang='lat' dir='ltr'>irritum</span> <span class='ocrx_word' id='word_1_185' title='bbox 721 2002 751 2031; x_wconf 87' lang='lat' dir='ltr'>et</span> <span class='ocrx_word' id='word_1_186' title='bbox 768 1997 878 2030; x_wconf 82' lang='lat' dir='ltr'>inane3</span> <span class='ocrx_word' id='word_1_187' title='bbox 891 1997 1039 2041; x_wconf 83' lang='lat' dir='ltr'>quicquid</span> 
     </span>
     <span class='ocr_line' id='line_1_35' title="bbox 301 2051 1042 2095; baseline 0.001 -11"><span class='ocrx_word' id='word_1_188' title='bbox 301 2061 391 2084; x_wconf 86' lang='lat' dir='ltr'>secus</span> <span class='ocrx_word' id='word_1_189' title='bbox 407 2062 502 2095; x_wconf 88' lang='lat' dir='ltr'>super</span> <span class='ocrx_word' id='word_1_190' title='bbox 518 2051 567 2085; x_wconf 90' lang='lat' dir='ltr'>his</span> <span class='ocrx_word' id='word_1_191' title='bbox 586 2062 603 2084; x_wconf 87' lang='lat' dir='ltr'>a</span> <span class='ocrx_word' id='word_1_192' title='bbox 623 2062 793 2095; x_wconf 83' lang='lat' dir='ltr'>quoquam,</span> <span class='ocrx_word' id='word_1_193' title='bbox 812 2051 920 2095; x_wconf 83' lang='lat' dir='ltr'>quavis</span> <span class='ocrx_word' id='word_1_194' title='bbox 937 2057 1042 2085; x_wconf 89' lang='lat' dir='ltr'>aucto-</span> 
     </span>
     <span class='ocr_line' id='line_1_36' title="bbox 302 2104 1039 2147; baseline 0 -10"><span class='ocrx_word' id='word_1_195' title='bbox 302 2104 404 2145; x_wconf 86' lang='lat' dir='ltr'>ritate,</span> <span class='ocrx_word' id='word_1_196' title='bbox 430 2105 565 2138; x_wconf 85' lang='lat' dir='ltr'>scienter</span> <span class='ocrx_word' id='word_1_197' title='bbox 588 2105 637 2138; x_wconf 82' lang='lat' dir='ltr'>vel</span> <span class='ocrx_word' id='word_1_198' title='bbox 660 2105 854 2147; x_wconf 76' lang='lat' dir='ltr'>ignoranter,</span> <span class='ocrx_word' id='word_1_199' title='bbox 874 2105 1039 2147; x_wconf 78' lang='lat' dir='ltr'>contigerit</span> 
     </span>
     <span class='ocr_line' id='line_1_37' title="bbox 303 2158 798 2199; baseline 0 -9"><span class='ocrx_word' id='word_1_200' title='bbox 303 2158 459 2199; x_wconf 85' lang='lat' dir='ltr'>attentari,</span> <span class='ocrx_word' id='word_1_201' title='bbox 474 2158 567 2192; x_wconf 88' lang='lat' dir='ltr'>etiam</span> <span class='ocrx_word' id='word_1_202' title='bbox 587 2158 798 2191; x_wconf 84' lang='lat' dir='ltr'>decernimus.</span> 
     </span>
    </p>

    <p class='ocr_par' dir='ltr' id='par_1_3' title="bbox 304 2211 1043 2310">
     <span class='ocr_line' id='line_1_38' title="bbox 348 2211 1042 2256; baseline 0 -12"><span class='ocrx_word' id='word_1_203' title='bbox 348 2212 363 2255; x_wconf 62' lang='grc' dir='ltr'>ξ</span> <span class='ocrx_word' id='word_1_204' title='bbox 387 2211 417 2244; x_wconf 81' lang='lat'>5.</span> <span class='ocrx_word' id='word_1_205' title='bbox 446 2212 514 2245; x_wconf 61' lang='lat' dir='ltr'>t‘on</span> <span class='ocrx_word' id='word_1_206' title='bbox 538 2212 680 2246; x_wconf 88' lang='lat' dir='ltr'>obstante</span> <span class='ocrx_word' id='word_1_207' title='bbox 704 2212 775 2256; x_wconf 88' lang='lat' dir='ltr'>piae</span> <span class='ocrx_word' id='word_1_208' title='bbox 800 2212 971 2245; x_wconf 80' lang='lat' dir='ltr'>memoriae</span> <span class='ocrx_word' id='word_1_209' title='bbox 998 2212 1042 2244; x_wconf 84' lang='lat' dir='ltr'>Pii</span> 
     </span>
     <span class='ocr_line' id='line_1_39' title="bbox 304 2265 1043 2310; baseline 0.001 -13"><span class='ocrx_word' id='word_1_210' title='bbox 304 2265 405 2309; x_wconf 84' lang='lat' dir='ltr'>Papae</span> <span class='ocrx_word' id='word_1_211' title='bbox 428 2265 464 2298; x_wconf 82' lang='lat' dir='ltr'>lv</span> <span class='ocrx_word' id='word_1_212' title='bbox 490 2265 583 2299; x_wconf 85' lang='lat' dir='ltr'>etiam</span> <span class='ocrx_word' id='word_1_213' title='bbox 609 2266 862 2310; x_wconf 83' lang='lat' dir='ltr'>praedecessoris</span> <span class='ocrx_word' id='word_1_214' title='bbox 886 2265 986 2299; x_wconf 85' lang='lat' dir='ltr'>nostri</span> <span class='ocrx_word' id='word_1_215' title='bbox 1006 2265 1043 2298; x_wconf 90' lang='lat' dir='ltr'>dc</span> 
     </span>
    </p>
   </div>
   <div class='ocr_carea' id='block_1_2' title="bbox 93 1310 277 1391">
    <p class='ocr_par' dir='ltr' id='par_1_4' title="bbox 93 1310 277 1391">
     <span class='ocr_line' id='line_1_40' title="bbox 130 1310 277 1332; baseline -0.014 0"><span class='ocrx_word' id='word_1_216' title='bbox 130 1312 207 1332; x_wconf 80' lang='lat' dir='ltr'>Contra</span> <span class='ocrx_word' id='word_1_217' title='bbox 223 1310 277 1331; x_wconf 76' lang='lat' dir='ltr'>han·=</span> 
     </span>
     <span class='ocr_line' id='line_1_41' title="bbox 94 1338 277 1359; baseline 0 -1"><span class='ocrx_word' id='word_1_218' title='bbox 94 1339 180 1358; x_wconf 61' lang='lat' dir='ltr'>toi-mam</span> <span class='ocrx_word' id='word_1_219' title='bbox 188 1338 277 1359; x_wconf 74' lang='lat' dir='ltr'>iudicari</span> 
     </span>
     <span class='ocr_line' id='line_1_42' title="bbox 93 1366 200 1391; baseline 0.009 -7"><span class='ocrx_word' id='word_1_220' title='bbox 93 1366 200 1391; x_wconf 81' lang='lat' dir='ltr'>prohibet.</span> 
     </span>
    </p>
   </div>
   <div class='ocr_carea' id='block_1_3' title="bbox 105 2214 289 2269">
    <p class='ocr_par' dir='ltr' id='par_1_5' title="bbox 105 2214 289 2269">
     <span class='ocr_line' id='line_1_43' title="bbox 175 2214 289 2236; baseline -0.009 -1"><span class='ocrx_word' id='word_1_221' title='bbox 175 2214 289 2236; x_wconf 80' lang='lat' dir='ltr'>Contrariis</span> 
     </span>
     <span class='ocr_line' id='line_1_44' title="bbox 105 2242 201 2269; baseline -0.01 -5"><span class='ocrx_word' id='word_1_222' title='bbox 105 2242 201 2269; x_wconf 76' lang='lat' dir='ltr'>derogat.</span> 
     </span>
    </p>
   </div>
   <div class='ocr_carea' id='block_1_4' title="bbox 302 2381 1045 2684">
    <p class='ocr_par' dir='ltr' id='par_1_6' title="bbox 305 2381 1042 2461">
     <span class='ocr_line' id='line_1_45' title="bbox 341 2381 1042 2416; baseline 0.001 -8"><span class='ocrx_word' id='word_1_223' title='bbox 341 2382 351 2408; x_wconf 84' lang='lat' dir='ltr'>t</span> <span class='ocrx_word' id='word_1_224' title='bbox 370 2381 483 2409; x_wconf 87' lang='lat' dir='ltr'>Videtur</span> <span class='ocrx_word' id='word_1_225' title='bbox 502 2381 649 2416; x_wconf 84' lang='lat' dir='ltr'>legendum</span> <span class='ocrx_word' id='word_1_226' title='bbox 664 2390 721 2408; x_wconf 76' lang='lat' dir='ltr'>non</span> <span class='ocrx_word' id='word_1_227' title='bbox 739 2385 853 2410; x_wconf 69' lang='lat' dir='ltr'>[snitum</span> <span class='ocrx_word' id='word_1_228' title='bbox 870 2391 926 2409; x_wconf 78' lang='lat' dir='ltr'>non</span> <span class='ocrx_word' id='word_1_229' title='bbox 943 2382 1042 2410; x_wconf 75' lang='lat' dir='ltr'>vincu-</span> 
     </span>
     <span class='ocr_line' id='line_1_46' title="bbox 305 2426 666 2461; baseline 0 -8"><span class='ocrx_word' id='word_1_230' title='bbox 305 2426 372 2455; x_wconf 78' lang='lat' dir='ltr'>latis</span> <span class='ocrx_word' id='word_1_231' title='bbox 387 2434 434 2454; x_wconf 82' lang='lat' dir='ltr'>seu</span> <span class='ocrx_word' id='word_1_232' title='bbox 450 2427 548 2454; x_wconf 73' lang='lat' dir='ltr'>liberis</span> <span class='ocrx_word' id='word_1_233' title='bbox 561 2427 602 2461; x_wconf 80' lang='lat' dir='ltr'>(n.</span> <span class='ocrx_word' id='word_1_234' title='bbox 618 2427 666 2460; x_wconf 72' lang='lat' dir='ltr'>r).</span> 
     </span>
    </p>

    <p class='ocr_par' dir='ltr' id='par_1_7' title="bbox 302 2470 1045 2639">
     <span class='ocr_line' id='line_1_47' title="bbox 339 2470 1044 2506; baseline 0.001 -9"><span class='ocrx_word' id='word_1_235' title='bbox 339 2470 356 2497; x_wconf 77' lang='lat'><strong>2</strong></span> <span class='ocrx_word' id='word_1_236' title='bbox 374 2471 521 2498; x_wconf 82' lang='lat' dir='ltr'>Videretur</span> <span class='ocrx_word' id='word_1_237' title='bbox 542 2470 700 2505; x_wconf 82' lang='lat' dir='ltr'>legendum:</span> <span class='ocrx_word' id='word_1_238' title='bbox 727 2471 965 2506; x_wconf 70' lang='lat' dir='ltr'>comprehendere</span> <span class='ocrx_word' id='word_1_239' title='bbox 986 2479 1044 2505; x_wconf 77' lang='lat' dir='ltr'>pn-</span> 
     </span>
     <span class='ocr_line' id='line_1_48' title="bbox 302 2515 1045 2550; baseline -0.001 -8"><span class='ocrx_word' id='word_1_240' title='bbox 302 2515 407 2550; x_wconf 79' lang='lat' dir='ltr'>pillos‚</span> <span class='ocrx_word' id='word_1_241' title='bbox 427 2518 453 2542; x_wconf 82' lang='lat' dir='ltr'>et</span> <span class='ocrx_word' id='word_1_242' title='bbox 473 2515 547 2542; x_wconf 79' lang='lat' dir='ltr'>alias</span> <span class='ocrx_word' id='word_1_243' title='bbox 573 2522 668 2543; x_wconf 76' lang='lat' dir='ltr'>omnes</span> <span class='ocrx_word' id='word_1_244' title='bbox 692 2523 832 2549; x_wconf 77' lang='lat' dir='ltr'>personas</span> <span class='ocrx_word' id='word_1_245' title='bbox 834 2535 888 2543; x_wconf 90' lang='lat'><strong>.....</strong></span> <span class='ocrx_word' id='word_1_246' title='bbox 909 2515 940 2541; x_wconf 78' lang='lat' dir='ltr'>in</span> <span class='ocrx_word' id='word_1_247' title='bbox 957 2523 1045 2549; x_wconf 77' lang='lat' dir='ltr'>prae-</span> 
     </span>
     <span class='ocr_line' id='line_1_49' title="bbox 305 2559 1044 2594; baseline -0.001 -8"><span class='ocrx_word' id='word_1_248' title='bbox 305 2559 383 2588; x_wconf 68' lang='lat' dir='ltr'>dictet</span> <span class='ocrx_word' id='word_1_249' title='bbox 408 2560 612 2588; x_wconf 74' lang='lat' dir='ltr'>constitutione</span> <span class='ocrx_word' id='word_1_250' title='bbox 640 2562 665 2587; x_wconf 79' lang='lat' dir='ltr'>et</span> <span class='ocrx_word' id='word_1_251' title='bbox 694 2559 894 2594; x_wconf 73' lang='lat' dir='ltr'>cln&#39;roqraphis</span> <span class='ocrx_word' id='word_1_252' title='bbox 918 2566 1044 2593; x_wconf 76' lang='lat' dir='ltr'>compre-</span> 
     </span>
     <span class='ocr_line' id='line_1_50' title="bbox 307 2603 715 2639; baseline -0.002 -8"><span class='ocrx_word' id='word_1_253' title='bbox 307 2603 409 2632; x_wconf 78' lang='lat' dir='ltr'>hensas</span> <span class='ocrx_word' id='word_1_254' title='bbox 428 2605 527 2639; x_wconf 75' lang='lat' dir='ltr'>fuisse,</span> <span class='ocrx_word' id='word_1_255' title='bbox 545 2607 596 2631; x_wconf 83' lang='lat' dir='ltr'>etc.</span> <span class='ocrx_word' id='word_1_256' title='bbox 612 2604 649 2639; x_wconf 85' lang='lat' dir='ltr'>(a.</span> <span class='ocrx_word' id='word_1_257' title='bbox 666 2604 715 2638; x_wconf 88' lang='lat' dir='ltr'>T.).</span> 
     </span>
    </p>

    <p class='ocr_par' dir='ltr' id='par_1_8' title="bbox 342 2647 1043 2684">
     <span class='ocr_line' id='line_1_51' title="bbox 342 2647 1043 2684; baseline -0.001 -9"><span class='ocrx_word' id='word_1_258' title='bbox 342 2647 359 2675; x_wconf 86' lang='lat'><strong>3</strong></span> <span class='ocrx_word' id='word_1_259' title='bbox 372 2649 458 2678; x_wconf 82' lang='lat' dir='ltr'>Voces</span> <span class='ocrx_word' id='word_1_260' title='bbox 473 2649 597 2678; x_wconf 58' lang='lat' dir='ltr'>‘irritum</span> <span class='ocrx_word' id='word_1_261' title='bbox 608 2652 634 2677; x_wconf 81' lang='lat' dir='ltr'>et</span> <span class='ocrx_word' id='word_1_262' title='bbox 645 2649 732 2677; x_wconf 80' lang='lat' dir='ltr'>inane</span> <span class='ocrx_word' id='word_1_263' title='bbox 749 2656 797 2677; x_wconf 82' lang='lat' dir='ltr'>nos</span> <span class='ocrx_word' id='word_1_264' title='bbox 812 2648 937 2677; x_wconf 79' lang='lat' dir='ltr'>addimus</span> <span class='ocrx_word' id='word_1_265' title='bbox 948 2650 985 2684; x_wconf 78' lang='lat' dir='ltr'>(a.</span> <span class='ocrx_word' id='word_1_266' title='bbox 996 2648 1043 2683; x_wconf 81' lang='grc' dir='ltr'>Τ.).</span> 
     </span>
    </p>
   </div>
   <div class='ocr_carea' id='block_1_5' title="bbox 893 235 1178 261">
    <p class='ocr_par' dir='ltr' id='par_1_9' title="bbox 893 235 1178 261">
     <span class='ocr_line' id='line_1_52' title="bbox 893 235 1178 261; baseline -0.007 -1"><span class='ocrx_word' id='word_1_267' title='bbox 893 235 1035 261; x_wconf 78' lang='lat' dir='ltr'>URBANUS</span> <span class='ocrx_word' id='word_1_268' title='bbox 1055 235 1111 259; x_wconf 80' lang='lat' dir='ltr'>vm</span> <span class='ocrx_word' id='word_1_269' title='bbox 1129 235 1178 259; x_wconf 67' lang='lat'>1³1⁷.</span> 
     </span>
    </p>
   </div>
   <div class='ocr_carea' id='block_1_6' title="bbox 1040 345 1064 2542">
    <p class='ocr_par' dir='ltr' id='par_1_10' title="bbox 1040 345 1064 2542">
     <span class='ocr_line' id='line_1_53' title="bbox 1040 345 1064 2542; baseline 0 0"><span class='ocrx_word' id='word_1_270' title='bbox 1040 345 1064 2542; x_wconf 95' lang='lat' dir='ltr'> </span> 
     </span>
    </p>
   </div>
   <div class='ocr_carea' id='block_1_7' title="bbox 1057 223 1810 1340">
    <p class='ocr_par' dir='ltr' id='par_1_11' title="bbox 1057 223 1805 1076">
     <span class='ocr_line' id='line_1_54' title="bbox 1700 223 1765 257; baseline 0.015 -1"><span class='ocrx_word' id='word_1_271' title='bbox 1700 223 1765 257; x_wconf 70' lang='lat'>⁶245</span> 
     </span>
     <span class='ocr_line' id='line_1_55' title="bbox 1057 282 1798 324; baseline -0.004 -8"><span class='ocrx_word' id='word_1_272' title='bbox 1057 284 1152 316; x_wconf 79' lang='lat' dir='ltr'>rebus</span> <span class='ocrx_word' id='word_1_273' title='bbox 1177 282 1329 316; x_wconf 84' lang='lat' dir='ltr'>interesse</span> <span class='ocrx_word' id='word_1_274' title='bbox 1361 282 1460 315; x_wconf 89' lang='lat' dir='ltr'>dietae</span> <span class='ocrx_word' id='word_1_275' title='bbox 1493 290 1637 315; x_wconf 87' lang='lat' dir='ltr'>camerae</span> <span class='ocrx_word' id='word_1_276' title='bbox 1664 290 1798 324; x_wconf 88' lang='lat' dir='ltr'>quomo-</span> 
     </span>
     <span class='ocr_line' id='line_1_56' title="bbox 1057 334 1798 370; baseline -0.003 -1"><span class='ocrx_word' id='word_1_277' title='bbox 1057 337 1174 370; x_wconf 90' lang='lat' dir='ltr'>dolibet</span> <span class='ocrx_word' id='word_1_278' title='bbox 1203 335 1468 370; x_wconf 86' lang='lat' dir='ltr'>concernentibus</span> <span class='ocrx_word' id='word_1_279' title='bbox 1490 335 1522 368; x_wconf 92' lang='lat' dir='ltr'>in</span> <span class='ocrx_word' id='word_1_280' title='bbox 1541 334 1651 368; x_wconf 75' lang='lat' dir='ltr'>eadem</span> <span class='ocrx_word' id='word_1_281' title='bbox 1672 335 1798 367; x_wconf 69' lang='lat' dir='ltr'>camera</span> 
     </span>
     <span class='ocr_line' id='line_1_57' title="bbox 1058 387 1799 433; baseline -0.004 -10"><span class='ocrx_word' id='word_1_282' title='bbox 1058 390 1264 433; x_wconf 82' lang='lat' dir='ltr'>registrandis</span> <span class='ocrx_word' id='word_1_283' title='bbox 1289 394 1318 424; x_wconf 89' lang='lat' dir='ltr'>et</span> <span class='ocrx_word' id='word_1_284' title='bbox 1342 387 1552 430; x_wconf 81' lang='lat' dir='ltr'>insinuandis,</span> <span class='ocrx_word' id='word_1_285' title='bbox 1577 399 1613 422; x_wconf 88' lang='lat' dir='ltr'>ac</span> <span class='ocrx_word' id='word_1_286' title='bbox 1637 387 1799 433; x_wconf 73' lang='lat' dir='ltr'>praedicta</span> 
     </span>
     <span class='ocr_line' id='line_1_58' title="bbox 1057 441 1800 487; baseline -0.004 -11"><span class='ocrx_word' id='word_1_287' title='bbox 1057 443 1224 477; x_wconf 83' lang='lat' dir='ltr'>Clementis</span> <span class='ocrx_word' id='word_1_288' title='bbox 1246 443 1320 486; x_wconf 75' lang='lat' dir='ltr'>(eui,</span> <span class='ocrx_word' id='word_1_289' title='bbox 1337 443 1441 486; x_wconf 83' lang='lat' dir='ltr'>quoad</span> <span class='ocrx_word' id='word_1_290' title='bbox 1462 447 1594 487; x_wconf 88' lang='lat' dir='ltr'>partem,</span> <span class='ocrx_word' id='word_1_291' title='bbox 1611 446 1646 475; x_wconf 84' lang='lat' dir='ltr'>ut</span> <span class='ocrx_word' id='word_1_292' title='bbox 1662 441 1800 486; x_wconf 83' lang='lat' dir='ltr'>praeser-</span> 
     </span>
     <span class='ocr_line' id='line_1_59' title="bbox 1060 495 1799 538; baseline -0.004 -9"><span class='ocrx_word' id='word_1_293' title='bbox 1060 502 1120 537; x_wconf 91' lang='lat' dir='ltr'>tur,</span> <span class='ocrx_word' id='word_1_294' title='bbox 1147 496 1356 538; x_wconf 74' lang='lat' dir='ltr'>moderatam,</span> <span class='ocrx_word' id='word_1_295' title='bbox 1383 500 1557 529; x_wconf 66' lang='lat' dir='ltr'>correctam</span> <span class='ocrx_word' id='word_1_296' title='bbox 1576 501 1605 528; x_wconf 93' lang='lat' dir='ltr'>et</span> <span class='ocrx_word' id='word_1_297' title='bbox 1624 495 1799 536; x_wconf 85' lang='lat' dir='ltr'>limitatam,</span> 
     </span>
     <span class='ocr_line' id='line_1_60' title="bbox 1059 547 1800 594; baseline -0.003 -12"><span class='ocrx_word' id='word_1_298' title='bbox 1059 560 1181 584; x_wconf 85' lang='lat' dir='ltr'>necnon</span> <span class='ocrx_word' id='word_1_299' title='bbox 1206 550 1428 594; x_wconf 75' lang='lat' dir='ltr'>chirographis</span> <span class='ocrx_word' id='word_1_300' title='bbox 1453 548 1706 593; x_wconf 83' lang='lat' dir='ltr'>praedietis,illis</span> <span class='ocrx_word' id='word_1_301' title='bbox 1725 547 1800 580; x_wconf 78' lang='lat' dir='ltr'>alias</span> 
     </span>
     <span class='ocr_line' id='line_1_61' title="bbox 1059 603 1801 649; baseline -0.001 -12"><span class='ocrx_word' id='word_1_302' title='bbox 1059 616 1185 649; x_wconf 87' lang='lat' dir='ltr'>semper</span> <span class='ocrx_word' id='word_1_303' title='bbox 1210 610 1240 638; x_wconf 86' lang='lat' dir='ltr'>et</span> <span class='ocrx_word' id='word_1_304' title='bbox 1265 609 1420 649; x_wconf 84' lang='lat' dir='ltr'>perpetuo</span> <span class='ocrx_word' id='word_1_305' title='bbox 1446 605 1476 636; x_wconf 90' lang='lat' dir='ltr'>in</span> <span class='ocrx_word' id='word_1_306' title='bbox 1501 615 1557 636; x_wconf 87' lang='lat' dir='ltr'>suo</span> <span class='ocrx_word' id='word_1_307' title='bbox 1587 603 1702 636; x_wconf 86' lang='lat' dir='ltr'>robore</span> <span class='ocrx_word' id='word_1_308' title='bbox 1727 613 1801 646; x_wconf 87' lang='lat' dir='ltr'>per-</span> 
     </span>
     <span class='ocr_line' id='line_1_62' title="bbox 1061 657 1800 701; baseline -0.004 -11"><span class='ocrx_word' id='word_1_309' title='bbox 1061 658 1227 698; x_wconf 86' lang='lat' dir='ltr'>mansuris,</span> <span class='ocrx_word' id='word_1_310' title='bbox 1256 657 1435 701; x_wconf 76' lang='lat' dir='ltr'>specialiter</span> <span class='ocrx_word' id='word_1_311' title='bbox 1459 661 1489 690; x_wconf 88' lang='lat' dir='ltr'>et</span> <span class='ocrx_word' id='word_1_312' title='bbox 1514 666 1676 700; x_wconf 79' lang='lat' dir='ltr'>expresse,</span> <span class='ocrx_word' id='word_1_313' title='bbox 1701 660 1800 696; x_wconf 88' lang='lat' dir='ltr'>motu,</span> 
     </span>
     <span class='ocr_line' id='line_1_63' title="bbox 1061 707 1802 754; baseline -0.005 -11"><span class='ocrx_word' id='word_1_314' title='bbox 1061 711 1190 743; x_wconf 76' lang='lat' dir='ltr'>scientia</span> <span class='ocrx_word' id='word_1_315' title='bbox 1215 716 1245 744; x_wconf 89' lang='lat' dir='ltr'>et</span> <span class='ocrx_word' id='word_1_316' title='bbox 1277 710 1438 754; x_wconf 85' lang='lat' dir='ltr'>potestatis</span> <span class='ocrx_word' id='word_1_317' title='bbox 1475 708 1669 753; x_wconf 84' lang='lat' dir='ltr'>plenitudine</span> <span class='ocrx_word' id='word_1_318' title='bbox 1694 707 1802 740; x_wconf 86' lang='lat' dir='ltr'>huius-</span> 
     </span>
     <span class='ocr_line' id='line_1_64' title="bbox 1061 761 1804 806; baseline -0.005 -9"><span class='ocrx_word' id='word_1_319' title='bbox 1061 765 1166 806; x_wconf 83' lang='lat' dir='ltr'>modi,</span> <span class='ocrx_word' id='word_1_320' title='bbox 1191 765 1304 797; x_wconf 84' lang='lat' dir='ltr'>harum</span> <span class='ocrx_word' id='word_1_321' title='bbox 1330 765 1411 797; x_wconf 86' lang='lat' dir='ltr'>serie</span> <span class='ocrx_word' id='word_1_322' title='bbox 1435 762 1650 806; x_wconf 75' lang='lat' dir='ltr'>derogamus),</span> <span class='ocrx_word' id='word_1_323' title='bbox 1672 761 1804 805; x_wconf 83' lang='lat' dir='ltr'>aliisque</span> 
     </span>
     <span class='ocr_line' id='line_1_65' title="bbox 1062 816 1805 859; baseline -0.005 -8"><span class='ocrx_word' id='word_1_324' title='bbox 1062 818 1338 852; x_wconf 84' lang='lat' dir='ltr'>constitutionibus</span> <span class='ocrx_word' id='word_1_325' title='bbox 1362 823 1392 851; x_wconf 90' lang='lat' dir='ltr'>et</span> <span class='ocrx_word' id='word_1_326' title='bbox 1416 816 1667 851; x_wconf 77' lang='lat' dir='ltr'>ordinationilnis</span> <span class='ocrx_word' id='word_1_327' title='bbox 1683 820 1805 859; x_wconf 89' lang='lat' dir='ltr'>aposto-</span> 
     </span>
     <span class='ocr_line' id='line_1_66' title="bbox 1063 869 1804 914; baseline -0.005 -10"><span class='ocrx_word' id='word_1_328' title='bbox 1063 871 1140 912; x_wconf 80' lang='lat' dir='ltr'>licis,</span> <span class='ocrx_word' id='word_1_329' title='bbox 1154 882 1189 904; x_wconf 88' lang='lat' dir='ltr'>ac</span> <span class='ocrx_word' id='word_1_330' title='bbox 1203 871 1351 905; x_wconf 84' lang='lat' dir='ltr'>omnibus</span> <span class='ocrx_word' id='word_1_331' title='bbox 1374 871 1434 903; x_wconf 82' lang='lat' dir='ltr'>illis</span> <span class='ocrx_word' id='word_1_332' title='bbox 1447 882 1527 914; x_wconf 81' lang='lat' dir='ltr'>quae</span> <span class='ocrx_word' id='word_1_333' title='bbox 1545 870 1645 904; x_wconf 81' lang='lat' dir='ltr'>dictus</span> <span class='ocrx_word' id='word_1_334' title='bbox 1661 869 1804 903; x_wconf 85' lang='lat' dir='ltr'>Clemens</span> 
     </span>
     <span class='ocr_line' id='line_1_67' title="bbox 1063 922 1805 969; baseline -0.003 -13"><span class='ocrx_word' id='word_1_335' title='bbox 1063 925 1286 969; x_wconf 88' lang='lat' dir='ltr'>praedecessor</span> <span class='ocrx_word' id='word_1_336' title='bbox 1310 925 1342 957; x_wconf 91' lang='lat' dir='ltr'>in</span> <span class='ocrx_word' id='word_1_337' title='bbox 1367 924 1449 957; x_wconf 78' lang='lat' dir='ltr'>dieta</span> <span class='ocrx_word' id='word_1_338' title='bbox 1478 924 1545 957; x_wconf 86' lang='lat' dir='ltr'>eius</span> <span class='ocrx_word' id='word_1_339' title='bbox 1581 922 1805 956; x_wconf 87' lang='lat' dir='ltr'>constitutione</span> 
     </span>
     <span class='ocr_line' id='line_1_68' title="bbox 1064 975 1805 1020; baseline -0.004 -10"><span class='ocrx_word' id='word_1_340' title='bbox 1064 979 1161 1012; x_wconf 88' lang='lat' dir='ltr'>voluit</span> <span class='ocrx_word' id='word_1_341' title='bbox 1184 988 1247 1012; x_wconf 87' lang='lat' dir='ltr'>non</span> <span class='ocrx_word' id='word_1_342' title='bbox 1272 978 1408 1019; x_wconf 78' lang='lat' dir='ltr'>obstare,</span> <span class='ocrx_word' id='word_1_343' title='bbox 1440 977 1615 1020; x_wconf 79' lang='lat' dir='ltr'>ceterisque</span> <span class='ocrx_word' id='word_1_344' title='bbox 1640 975 1805 1010; x_wconf 79' lang='lat' dir='ltr'>contrariis</span> 
     </span>
     <span class='ocr_line' id='line_1_69' title="bbox 1065 1032 1327 1076; baseline 0 -11"><span class='ocrx_word' id='word_1_345' title='bbox 1065 1032 1327 1076; x_wconf 77' lang='lat' dir='ltr'>quilntscmuque.</span> 
     </span>
    </p>

    <p class='ocr_par' dir='ltr' id='par_1_12' title="bbox 1066 1083 1810 1340">
     <span class='ocr_line' id='line_1_70' title="bbox 1111 1083 1806 1129; baseline -0.003 -12"><span class='ocrx_word' id='word_1_346' title='bbox 1111 1088 1125 1129; x_wconf 65' lang='lat' dir='ltr'>g</span> <span class='ocrx_word' id='word_1_347' title='bbox 1150 1087 1178 1118; x_wconf 74' lang='lat' dir='ltr'>tf».</span> <span class='ocrx_word' id='word_1_348' title='bbox 1208 1086 1244 1119; x_wconf 87' lang='lat' dir='ltr'>Ut</span> <span class='ocrx_word' id='word_1_349' title='bbox 1260 1091 1363 1118; x_wconf 86' lang='lat' dir='ltr'>autem</span> <span class='ocrx_word' id='word_1_350' title='bbox 1384 1085 1413 1117; x_wconf 91' lang='lat' dir='ltr'>in</span> <span class='ocrx_word' id='word_1_351' title='bbox 1435 1085 1527 1117; x_wconf 86' lang='lat' dir='ltr'>bonis</span> <span class='ocrx_word' id='word_1_352' title='bbox 1548 1083 1712 1117; x_wconf 79' lang='lat' dir='ltr'>vinculatis</span> <span class='ocrx_word' id='word_1_353' title='bbox 1736 1094 1806 1115; x_wconf 75' lang='lat' dir='ltr'>suc-</span> 
     </span>
     <span class='ocr_line' id='line_1_71' title="bbox 1066 1138 1803 1181; baseline -0.005 -9"><span class='ocrx_word' id='word_1_354' title='bbox 1066 1141 1178 1174; x_wconf 87' lang='lat' dir='ltr'>cedere</span> <span class='ocrx_word' id='word_1_355' title='bbox 1210 1139 1392 1173; x_wconf 82' lang='lat' dir='ltr'>debentium</span> <span class='ocrx_word' id='word_1_356' title='bbox 1424 1143 1454 1171; x_wconf 88' lang='lat' dir='ltr'>et</span> <span class='ocrx_word' id='word_1_357' title='bbox 1482 1138 1616 1171; x_wconf 87' lang='lat' dir='ltr'>aliorum</span> <span class='ocrx_word' id='word_1_358' title='bbox 1646 1148 1803 1181; x_wconf 81' lang='lat' dir='ltr'>quorum—</span> 
     </span>
     <span class='ocr_line' id='line_1_72' title="bbox 1067 1191 1807 1237; baseline -0.008 -10"><span class='ocrx_word' id='word_1_359' title='bbox 1067 1204 1202 1237; x_wconf 81' lang='lat' dir='ltr'>cumque</span> <span class='ocrx_word' id='word_1_360' title='bbox 1227 1191 1422 1225; x_wconf 84' lang='lat' dir='ltr'>indemnitati</span> <span class='ocrx_word' id='word_1_361' title='bbox 1458 1191 1576 1223; x_wconf 70' lang='lat' dir='ltr'>t&#39;aeilius</span> <span class='ocrx_word' id='word_1_362' title='bbox 1605 1191 1807 1230; x_wconf 81' lang='lat' dir='ltr'>consulatur,</span> 
     </span>
     <span class='ocr_line' id='line_1_73' title="bbox 1068 1243 1807 1287; baseline -0.005 -9"><span class='ocrx_word' id='word_1_363' title='bbox 1068 1247 1211 1280; x_wconf 87' lang='lat' dir='ltr'>volumus</span> <span class='ocrx_word' id='word_1_364' title='bbox 1240 1251 1270 1278; x_wconf 82' lang='lat' dir='ltr'>et</span> <span class='ocrx_word' id='word_1_365' title='bbox 1297 1245 1480 1287; x_wconf 65' lang='lat' dir='ltr'>statuimus,</span> <span class='ocrx_word' id='word_1_366' title='bbox 1503 1244 1690 1287; x_wconf 81' lang='lat' dir='ltr'>unicuique,</span> <span class='ocrx_word' id='word_1_367' title='bbox 1714 1243 1807 1275; x_wconf 82' lang='lat' dir='ltr'>etiam</span> 
     </span>
     <span class='ocr_line' id='line_1_74' title="bbox 1069 1297 1810 1340; baseline -0.007 -7"><span class='ocrx_word' id='word_1_368' title='bbox 1069 1302 1220 1334; x_wconf 74' lang='lat' dir='ltr'>interesse</span> <span class='ocrx_word' id='word_1_369' title='bbox 1245 1310 1307 1333; x_wconf 89' lang='lat' dir='ltr'>non</span> <span class='ocrx_word' id='word_1_370' title='bbox 1331 1298 1481 1340; x_wconf 84' lang='lat' dir='ltr'>habenti,</span> <span class='ocrx_word' id='word_1_371' title='bbox 1513 1298 1642 1331; x_wconf 83' lang='lat' dir='ltr'>cuilibet</span> <span class='ocrx_word' id='word_1_372' title='bbox 1667 1297 1810 1329; x_wconf 59' lang='lat' dir='ltr'>videlivet</span> 
     </span>
    </p>
   </div>
   <div class='ocr_carea' id='block_1_8' title="bbox 1811 231 1991 261">
    <p class='ocr_par' dir='ltr' id='par_1_13' title="bbox 1811 231 1991 261">
     <span class='ocr_line' id='line_1_75' title="bbox 1811 231 1991 261; baseline 0.011 -3"><span class='ocrx_word' id='word_1_373' title='bbox 1811 232 1860 261; x_wconf 81' lang='lat' dir='ltr'>An.</span> <span class='ocrx_word' id='word_1_374' title='bbox 1881 231 1910 260; x_wconf 88' lang='lat' dir='ltr'>C.</span> <span class='ocrx_word' id='word_1_375' title='bbox 1927 231 1991 260; x_wconf 78' lang='lat'>1631</span> 
     </span>
    </p>
   </div>
   <div class='ocr_carea' id='block_1_9' title="bbox 1822 1092 2007 1274">
    <p class='ocr_par' dir='ltr' id='par_1_14' title="bbox 1822 1092 2007 1274">
     <span class='ocr_line' id='line_1_76' title="bbox 1863 1092 2004 1112; baseline -0.007 0"><span class='ocrx_word' id='word_1_376' title='bbox 1863 1094 1921 1112; x_wconf 79' lang='lat' dir='ltr'>l&#39;tuit</span> <span class='ocrx_word' id='word_1_377' title='bbox 1933 1092 1961 1112; x_wconf 62' lang='lat' dir='ltr'>let</span> <span class='ocrx_word' id='word_1_378' title='bbox 1980 1098 2004 1111; x_wconf 80' lang='lat' dir='ltr'>ne</span> 
     </span>
     <span class='ocr_line' id='line_1_77' title="bbox 1824 1119 2005 1139; baseline -0.006 0"><span class='ocrx_word' id='word_1_379' title='bbox 1824 1122 1889 1139; x_wconf 68' lang='lat' dir='ltr'>iurati</span> <span class='ocrx_word' id='word_1_380' title='bbox 1914 1119 1940 1138; x_wconf 65' lang='lat' dir='ltr'>:td</span> <span class='ocrx_word' id='word_1_381' title='bbox 1959 1125 2005 1138; x_wconf 69' lang='lat' dir='ltr'>sutt-</span> 
     </span>
     <span class='ocr_line' id='line_1_78' title="bbox 1822 1146 2006 1166; baseline -0.011 -1"><span class='ocrx_word' id='word_1_382' title='bbox 1822 1152 1939 1166; x_wconf 67' lang='lat' dir='ltr'>resstouiun</span> <span class='ocrx_word' id='word_1_383' title='bbox 1968 1146 2006 1165; x_wconf 76' lang='lat' dir='ltr'>lin-</span> 
     </span>
     <span class='ocr_line' id='line_1_79' title="bbox 1823 1172 2006 1193; baseline -0.011 0"><span class='ocrx_word' id='word_1_384' title='bbox 1823 1179 1896 1193; x_wconf 78' lang='lat' dir='ltr'>nurnm</span> <span class='ocrx_word' id='word_1_385' title='bbox 1915 1172 2006 1192; x_wconf 74' lang='lat' dir='ltr'>vincula-</span> 
     </span>
     <span class='ocr_line' id='line_1_80' title="bbox 1824 1199 2006 1219; baseline -0.011 0"><span class='ocrx_word' id='word_1_386' title='bbox 1824 1203 1890 1219; x_wconf 73' lang='lat' dir='ltr'>torum</span> <span class='ocrx_word' id='word_1_387' title='bbox 1907 1199 2006 1218; x_wconf 71' lang='lat' dir='ltr'>«titanum</span> 
     </span>
     <span class='ocr_line' id='line_1_81' title="bbox 1823 1226 2007 1251; baseline -0.005 -5"><span class='ocrx_word' id='word_1_388' title='bbox 1823 1226 1908 1251; x_wconf 73' lang='lat' dir='ltr'>:ih-pind</span> <span class='ocrx_word' id='word_1_389' title='bbox 1924 1227 2007 1251; x_wconf 67' lang='lat' dir='ltr'>patian-</span> 
     </span>
     <span class='ocr_line' id='line_1_82' title="bbox 1824 1256 1863 1274; baseline 0 -1"><span class='ocrx_word' id='word_1_390' title='bbox 1824 1256 1863 1274; x_wconf 89' lang='lat' dir='ltr'>tur.</span> 
     </span>
    </p>
   </div>
   <div class='ocr_carea' id='block_1_10' title="bbox 1068 1350 1866 1398">
    <p class='ocr_par' dir='ltr' id='par_1_15' title="bbox 1068 1350 1866 1398">
     <span class='ocr_line' id='line_1_83' title="bbox 1068 1350 1866 1398; baseline -0.008 -11"><span class='ocrx_word' id='word_1_391' title='bbox 1068 1355 1106 1388; x_wconf 88' lang='lat' dir='ltr'>de</span> <span class='ocrx_word' id='word_1_392' title='bbox 1132 1355 1260 1398; x_wconf 82' lang='lat' dir='ltr'>populo,</span> <span class='ocrx_word' id='word_1_393' title='bbox 1280 1353 1374 1386; x_wconf 82' lang='lat' dir='ltr'>licere</span> <span class='ocrx_word' id='word_1_394' title='bbox 1399 1351 1641 1385; x_wconf 77' lang='lat' dir='ltr'>fideicommissa</span> <span class='ocrx_word' id='word_1_395' title='bbox 1658 1361 1693 1384; x_wconf 85' lang='lat' dir='ltr'>ae</span> <span class='ocrx_word' id='word_1_396' title='bbox 1710 1350 1811 1383; x_wconf 78' lang='lat' dir='ltr'>euius·</span> <span class='ocrx_word' id='word_1_397' title='bbox 1861 1374 1866 1381; x_wconf 93' lang='lat'>.</span> 
     </span>
    </p>
   </div>
   <div class='ocr_carea' id='block_1_11' title="bbox 1069 1404 1819 2584">
    <p class='ocr_par' dir='ltr' id='par_1_16' title="bbox 1069 1404 1816 2093">
     <span class='ocr_line' id='line_1_84' title="bbox 1069 1404 1811 1451; baseline -0.009 -10"><span class='ocrx_word' id='word_1_398' title='bbox 1069 1418 1204 1451; x_wconf 80' lang='lat' dir='ltr'>cumque</span> <span class='ocrx_word' id='word_1_399' title='bbox 1219 1406 1337 1440; x_wconf 80' lang='lat' dir='ltr'>tenoris</span> <span class='ocrx_word' id='word_1_400' title='bbox 1349 1406 1482 1446; x_wconf 66' lang='lat' dir='ltr'>vinmda,</span> <span class='ocrx_word' id='word_1_401' title='bbox 1493 1406 1615 1449; x_wconf 83' lang='lat' dir='ltr'>aliaque</span> <span class='ocrx_word' id='word_1_402' title='bbox 1627 1404 1811 1448; x_wconf 68' lang='lat' dir='ltr'>praemissa,</span> 
     </span>
     <span class='ocr_line' id='line_1_85' title="bbox 1070 1457 1812 1503; baseline -0.007 -10"><span class='ocrx_word' id='word_1_403' title='bbox 1070 1462 1100 1494; x_wconf 88' lang='lat' dir='ltr'>in</span> <span class='ocrx_word' id='word_1_404' title='bbox 1126 1460 1266 1494; x_wconf 75' lang='lat' dir='ltr'>archivio</span> <span class='ocrx_word' id='word_1_405' title='bbox 1291 1459 1454 1503; x_wconf 76' lang='lat' dir='ltr'>praedicto</span> <span class='ocrx_word' id='word_1_406' title='bbox 1479 1458 1627 1492; x_wconf 87' lang='lat' dir='ltr'>exhibere</span> <span class='ocrx_word' id='word_1_407' title='bbox 1644 1485 1651 1498; x_wconf 88' lang='lat'>,</span> <span class='ocrx_word' id='word_1_408' title='bbox 1676 1462 1707 1489; x_wconf 86' lang='lat' dir='ltr'>et</span> <span class='ocrx_word' id='word_1_409' title='bbox 1729 1457 1812 1489; x_wconf 86' lang='lat' dir='ltr'>bona</span> 
     </span>
     <span class='ocr_line' id='line_1_86' title="bbox 1070 1511 1813 1550; baseline -0.008 -3"><span class='ocrx_word' id='word_1_410' title='bbox 1070 1514 1226 1547; x_wconf 86' lang='lat' dir='ltr'>vinculata</span> <span class='ocrx_word' id='word_1_411' title='bbox 1250 1513 1388 1545; x_wconf 89' lang='lat' dir='ltr'>indicare</span> <span class='ocrx_word' id='word_1_412' title='bbox 1413 1523 1449 1545; x_wconf 88' lang='lat' dir='ltr'>ac</span> <span class='ocrx_word' id='word_1_413' title='bbox 1474 1511 1608 1545; x_wconf 81' lang='lat' dir='ltr'>describi</span> <span class='ocrx_word' id='word_1_414' title='bbox 1639 1511 1757 1550; x_wconf 78' lang='lat' dir='ltr'>facere,</span> <span class='ocrx_word' id='word_1_415' title='bbox 1782 1512 1813 1542; x_wconf 90' lang='lat' dir='ltr'>et</span> 
     </span>
     <span class='ocr_line' id='line_1_87' title="bbox 1070 1564 1811 1609; baseline -0.004 -8"><span class='ocrx_word' id='word_1_416' title='bbox 1070 1568 1163 1601; x_wconf 89' lang='lat' dir='ltr'>talem</span> <span class='ocrx_word' id='word_1_417' title='bbox 1189 1567 1428 1609; x_wconf 80' lang='lat' dir='ltr'>exhibitionem,</span> <span class='ocrx_word' id='word_1_418' title='bbox 1454 1565 1677 1599; x_wconf 89' lang='lat' dir='ltr'>indicationem</span> <span class='ocrx_word' id='word_1_419' title='bbox 1702 1569 1733 1597; x_wconf 90' lang='lat' dir='ltr'>et</span> <span class='ocrx_word' id='word_1_420' title='bbox 1757 1564 1811 1597; x_wconf 90' lang='lat' dir='ltr'>dc-</span> 
     </span>
     <span class='ocr_line' id='line_1_88' title="bbox 1070 1619 1813 1665; baseline -0.008 -10"><span class='ocrx_word' id='word_1_421' title='bbox 1070 1622 1272 1665; x_wconf 86' lang='lat' dir='ltr'>scriptionem</span> <span class='ocrx_word' id='word_1_422' title='bbox 1286 1631 1344 1664; x_wconf 89' lang='lat' dir='ltr'>pro</span> <span class='ocrx_word' id='word_1_423' title='bbox 1357 1619 1469 1653; x_wconf 88' lang='lat' dir='ltr'>debitis</span> <span class='ocrx_word' id='word_1_424' title='bbox 1483 1619 1570 1652; x_wconf 80' lang='lat' dir='ltr'>factis</span> <span class='ocrx_word' id='word_1_425' title='bbox 1587 1629 1645 1662; x_wconf 88' lang='lat' dir='ltr'>per</span> <span class='ocrx_word' id='word_1_426' title='bbox 1661 1628 1714 1651; x_wconf 83' lang='lat' dir='ltr'>sex</span> <span class='ocrx_word' id='word_1_427' title='bbox 1728 1627 1813 1650; x_wconf 85' lang='lat' dir='ltr'>men-</span> 
     </span>
     <span class='ocr_line' id='line_1_89' title="bbox 1071 1669 1814 1717; baseline -0.008 -9"><span class='ocrx_word' id='word_1_428' title='bbox 1071 1686 1120 1708; x_wconf 88' lang='lat' dir='ltr'>ses</span> <span class='ocrx_word' id='word_1_429' title='bbox 1145 1675 1256 1708; x_wconf 79' lang='lat' dir='ltr'>exinde</span> <span class='ocrx_word' id='word_1_430' title='bbox 1281 1675 1518 1717; x_wconf 75' lang='lat' dir='ltr'>subsequentes,</span> <span class='ocrx_word' id='word_1_431' title='bbox 1535 1673 1627 1705; x_wconf 87' lang='lat' dir='ltr'>etiam</span> <span class='ocrx_word' id='word_1_432' title='bbox 1647 1671 1685 1704; x_wconf 87' lang='lat' dir='ltr'>ab</span> <span class='ocrx_word' id='word_1_433' title='bbox 1706 1671 1742 1704; x_wconf 89' lang='lat' dir='ltr'>iis</span> <span class='ocrx_word' id='word_1_434' title='bbox 1759 1669 1814 1714; x_wconf 85' lang='lat' dir='ltr'>qui</span> 
     </span>
     <span class='ocr_line' id='line_1_90' title="bbox 1072 1723 1814 1769; baseline -0.008 -7"><span class='ocrx_word' id='word_1_435' title='bbox 1072 1729 1307 1769; x_wconf 81' lang='lat' dir='ltr'>exhibitionem,</span> <span class='ocrx_word' id='word_1_436' title='bbox 1333 1726 1554 1760; x_wconf 88' lang='lat' dir='ltr'>indicationem</span> <span class='ocrx_word' id='word_1_437' title='bbox 1573 1731 1603 1759; x_wconf 89' lang='lat' dir='ltr'>et</span> <span class='ocrx_word' id='word_1_438' title='bbox 1627 1723 1814 1768; x_wconf 79' lang='lat' dir='ltr'>descriptio-</span> 
     </span>
     <span class='ocr_line' id='line_1_91' title="bbox 1073 1778 1814 1819; baseline -0.007 -4"><span class='ocrx_word' id='word_1_439' title='bbox 1073 1794 1144 1816; x_wconf 85' lang='lat' dir='ltr'>nem</span> <span class='ocrx_word' id='word_1_440' title='bbox 1169 1783 1271 1815; x_wconf 83' lang='lat' dir='ltr'>sacere</span> <span class='ocrx_word' id='word_1_441' title='bbox 1295 1792 1358 1814; x_wconf 93' lang='lat' dir='ltr'>non</span> <span class='ocrx_word' id='word_1_442' title='bbox 1383 1780 1579 1819; x_wconf 74' lang='lat' dir='ltr'>curaverint,</span> <span class='ocrx_word' id='word_1_443' title='bbox 1605 1779 1648 1812; x_wconf 85' lang='lat' dir='ltr'>ad</span> <span class='ocrx_word' id='word_1_444' title='bbox 1668 1778 1814 1811; x_wconf 77' lang='lat' dir='ltr'>effectum</span> 
     </span>
     <span class='ocr_line' id='line_1_92' title="bbox 1073 1832 1815 1879; baseline -0.003 -13"><span class='ocrx_word' id='word_1_445' title='bbox 1073 1836 1321 1879; x_wconf 64' lang='lat' dir='ltr'>prtuimissorum</span> <span class='ocrx_word' id='word_1_446' title='bbox 1333 1836 1491 1874; x_wconf 71' lang='lat' dir='ltr'>sufficere,</span> <span class='ocrx_word' id='word_1_447' title='bbox 1509 1834 1550 1866; x_wconf 90' lang='lat' dir='ltr'>ita</span> <span class='ocrx_word' id='word_1_448' title='bbox 1562 1838 1595 1866; x_wconf 92' lang='lat' dir='ltr'>ut</span> <span class='ocrx_word' id='word_1_449' title='bbox 1607 1832 1703 1866; x_wconf 86' lang='lat' dir='ltr'>semel</span> <span class='ocrx_word' id='word_1_450' title='bbox 1718 1832 1815 1864; x_wconf 78' lang='lat' dir='ltr'>sactae</span> 
     </span>
     <span class='ocr_line' id='line_1_93' title="bbox 1074 1886 1816 1930; baseline -0.007 -8"><span class='ocrx_word' id='word_1_451' title='bbox 1074 1888 1240 1929; x_wconf 79' lang='lat' dir='ltr'>exhibitio,</span> <span class='ocrx_word' id='word_1_452' title='bbox 1266 1887 1413 1921; x_wconf 88' lang='lat' dir='ltr'>indicatio</span> <span class='ocrx_word' id='word_1_453' title='bbox 1439 1892 1469 1920; x_wconf 88' lang='lat' dir='ltr'>et</span> <span class='ocrx_word' id='word_1_454' title='bbox 1492 1886 1665 1930; x_wconf 85' lang='lat' dir='ltr'>descriptio</span> <span class='ocrx_word' id='word_1_455' title='bbox 1689 1894 1816 1928; x_wconf 81' lang='lat' dir='ltr'>semper</span> 
     </span>
     <span class='ocr_line' id='line_1_94' title="bbox 1074 1939 1814 1986; baseline -0.004 -12"><span class='ocrx_word' id='word_1_456' title='bbox 1074 1948 1104 1975; x_wconf 88' lang='lat' dir='ltr'>et</span> <span class='ocrx_word' id='word_1_457' title='bbox 1128 1943 1158 1975; x_wconf 89' lang='lat' dir='ltr'>in</span> <span class='ocrx_word' id='word_1_458' title='bbox 1183 1944 1323 1975; x_wconf 86' lang='lat' dir='ltr'>futurum</span> <span class='ocrx_word' id='word_1_459' title='bbox 1348 1941 1511 1986; x_wconf 85' lang='lat' dir='ltr'>perpetuis</span> <span class='ocrx_word' id='word_1_460' title='bbox 1535 1939 1814 1983; x_wconf 82' lang='lat' dir='ltr'>suturistempori-</span> 
     </span>
     <span class='ocr_line' id='line_1_95' title="bbox 1074 1993 1815 2039; baseline -0.003 -11"><span class='ocrx_word' id='word_1_461' title='bbox 1074 1997 1131 2029; x_wconf 89' lang='lat' dir='ltr'>bus</span> <span class='ocrx_word' id='word_1_462' title='bbox 1145 2001 1254 2030; x_wconf 84' lang='lat' dir='ltr'>contra</span> <span class='ocrx_word' id='word_1_463' title='bbox 1268 2006 1484 2039; x_wconf 75' lang='lat' dir='ltr'>quoscumque</span> <span class='ocrx_word' id='word_1_464' title='bbox 1498 1995 1649 2028; x_wconf 85' lang='lat' dir='ltr'>interesse</span> <span class='ocrx_word' id='word_1_465' title='bbox 1665 1993 1815 2026; x_wconf 85' lang='lat' dir='ltr'>habentes</span> 
     </span>
     <span class='ocr_line' id='line_1_96' title="bbox 1075 2050 1307 2093; baseline 0 -11"><span class='ocrx_word' id='word_1_466' title='bbox 1075 2050 1307 2093; x_wconf 71' lang='lat' dir='ltr'>suffragentur,</span> 
     </span>
    </p>

    <p class='ocr_par' dir='ltr' id='par_1_17' title="bbox 1076 2100 1818 2522">
     <span class='ocr_line' id='line_1_97' title="bbox 1120 2100 1815 2147; baseline -0.006 -11"><span class='ocrx_word' id='word_1_467' title='bbox 1120 2104 1176 2147; x_wconf 60' lang='lat'>57.</span> <span class='ocrx_word' id='word_1_468' title='bbox 1202 2103 1330 2136; x_wconf 87' lang='lat' dir='ltr'>Necnon</span> <span class='ocrx_word' id='word_1_469' title='bbox 1343 2102 1492 2135; x_wconf 90' lang='lat' dir='ltr'>dilectum</span> <span class='ocrx_word' id='word_1_470' title='bbox 1510 2101 1610 2134; x_wconf 79' lang='lat' dir='ltr'>tilium</span> <span class='ocrx_word' id='word_1_471' title='bbox 1627 2100 1815 2134; x_wconf 89' lang='lat' dir='ltr'>modernum</span> 
     </span>
     <span class='ocr_line' id='line_1_98' title="bbox 1076 2153 1815 2200; baseline -0.005 -10"><span class='ocrx_word' id='word_1_472' title='bbox 1076 2162 1106 2190; x_wconf 88' lang='lat' dir='ltr'>et</span> <span class='ocrx_word' id='word_1_473' title='bbox 1130 2167 1189 2200; x_wconf 87' lang='lat' dir='ltr'>pro</span> <span class='ocrx_word' id='word_1_474' title='bbox 1214 2161 1358 2199; x_wconf 88' lang='lat' dir='ltr'>tempore</span> <span class='ocrx_word' id='word_1_475' title='bbox 1382 2155 1566 2188; x_wconf 79' lang='lat' dir='ltr'>existentem</span> <span class='ocrx_word' id='word_1_476' title='bbox 1586 2153 1661 2187; x_wconf 89' lang='lat' dir='ltr'>dicti</span> <span class='ocrx_word' id='word_1_477' title='bbox 1685 2153 1815 2186; x_wconf 87' lang='lat' dir='ltr'>archivii</span> 
     </span>
     <span class='ocr_line' id='line_1_99' title="bbox 1077 2207 1814 2251; baseline -0.005 -8"><span class='ocrx_word' id='word_1_478' title='bbox 1077 2213 1331 2244; x_wconf 73' lang='lat' dir='ltr'>conservatorem</span> <span class='ocrx_word' id='word_1_479' title='bbox 1368 2208 1406 2241; x_wconf 87' lang='lat' dir='ltr'>ad</span> <span class='ocrx_word' id='word_1_480' title='bbox 1441 2208 1559 2241; x_wconf 87' lang='lat' dir='ltr'>librum</span> <span class='ocrx_word' id='word_1_481' title='bbox 1591 2207 1814 2251; x_wconf 86' lang='lat' dir='ltr'>particularem</span> 
     </span>
     <span class='ocr_line' id='line_1_100' title="bbox 1077 2259 1817 2307; baseline -0.007 -11"><span class='ocrx_word' id='word_1_482' title='bbox 1077 2264 1127 2307; x_wconf 80' lang='lat' dir='ltr'>(in</span> <span class='ocrx_word' id='word_1_483' title='bbox 1148 2263 1235 2296; x_wconf 84' lang='lat' dir='ltr'>euius</span> <span class='ocrx_word' id='word_1_484' title='bbox 1255 2264 1317 2295; x_wconf 73' lang='lat' dir='ltr'>una</span> <span class='ocrx_word' id='word_1_485' title='bbox 1331 2262 1460 2295; x_wconf 88' lang='lat' dir='ltr'>nomina</span> <span class='ocrx_word' id='word_1_486' title='bbox 1477 2266 1507 2295; x_wconf 91' lang='lat' dir='ltr'>et</span> <span class='ocrx_word' id='word_1_487' title='bbox 1526 2260 1715 2304; x_wconf 81' lang='lat' dir='ltr'>cognomina</span> <span class='ocrx_word' id='word_1_488' title='bbox 1732 2259 1817 2292; x_wconf 86' lang='lat' dir='ltr'>fidei-</span> 
     </span>
     <span class='ocr_line' id='line_1_101' title="bbox 1077 2312 1815 2358; baseline -0.008 -8"><span class='ocrx_word' id='word_1_489' title='bbox 1077 2315 1359 2351; x_wconf 86' lang='lat' dir='ltr'>committentium¹</span> <span class='ocrx_word' id='word_1_490' title='bbox 1377 2321 1408 2349; x_wconf 90' lang='lat' dir='ltr'>et</span> <span class='ocrx_word' id='word_1_491' title='bbox 1427 2315 1502 2348; x_wconf 76' lang='lat' dir='ltr'>alias</span> <span class='ocrx_word' id='word_1_492' title='bbox 1523 2313 1767 2358; x_wconf 87' lang='lat' dir='ltr'>disponentium,</span> <span class='ocrx_word' id='word_1_493' title='bbox 1786 2312 1815 2344; x_wconf 93' lang='lat' dir='ltr'>in</span> 
     </span>
     <span class='ocr_line' id='line_1_102' title="bbox 1077 2366 1817 2413; baseline -0.008 -10"><span class='ocrx_word' id='word_1_494' title='bbox 1077 2371 1175 2404; x_wconf 75' lang='lat' dir='ltr'>attera</span> <span class='ocrx_word' id='word_1_495' title='bbox 1202 2380 1275 2402; x_wconf 82' lang='lat' dir='ltr'>vero</span> <span class='ocrx_word' id='word_1_496' title='bbox 1305 2369 1447 2413; x_wconf 86' lang='lat' dir='ltr'>partibus</span> <span class='ocrx_word' id='word_1_497' title='bbox 1478 2368 1547 2402; x_wconf 90' lang='lat' dir='ltr'>loca</span> <span class='ocrx_word' id='word_1_498' title='bbox 1576 2366 1761 2400; x_wconf 89' lang='lat' dir='ltr'>nominatim</span> <span class='ocrx_word' id='word_1_499' title='bbox 1787 2370 1817 2398; x_wconf 86' lang='lat' dir='ltr'>et</span> 
     </span>
     <span class='ocr_line' id='line_1_103' title="bbox 1078 2419 1817 2461; baseline -0.009 -4"><span class='ocrx_word' id='word_1_500' title='bbox 1078 2424 1160 2457; x_wconf 81' lang='lat' dir='ltr'>bona</span> <span class='ocrx_word' id='word_1_501' title='bbox 1183 2421 1435 2456; x_wconf 82' lang='lat' dir='ltr'>fideicommissis</span> <span class='ocrx_word' id='word_1_502' title='bbox 1456 2425 1485 2454; x_wconf 86' lang='lat' dir='ltr'>et</span> <span class='ocrx_word' id='word_1_503' title='bbox 1503 2420 1572 2453; x_wconf 88' lang='lat' dir='ltr'>aliis</span> <span class='ocrx_word' id='word_1_504' title='bbox 1589 2419 1721 2452; x_wconf 90' lang='lat' dir='ltr'>vinculis</span> <span class='ocrx_word' id='word_1_505' title='bbox 1742 2428 1817 2461; x_wconf 89' lang='lat' dir='ltr'>sup-</span> 
     </span>
     <span class='ocr_line' id='line_1_104' title="bbox 1078 2471 1818 2522; baseline -0.011 -10"><span class='ocrx_word' id='word_1_506' title='bbox 1078 2478 1178 2522; x_wconf 86' lang='lat' dir='ltr'>posita</span> <span class='ocrx_word' id='word_1_507' title='bbox 1202 2476 1336 2510; x_wconf 83' lang='lat' dir='ltr'>fideliter</span> <span class='ocrx_word' id='word_1_508' title='bbox 1361 2475 1418 2508; x_wconf 87' lang='lat' dir='ltr'>sub</span> <span class='ocrx_word' id='word_1_509' title='bbox 1440 2474 1553 2508; x_wconf 85' lang='lat' dir='ltr'>litteris</span> <span class='ocrx_word' id='word_1_510' title='bbox 1577 2472 1736 2517; x_wconf 89' lang='lat' dir='ltr'>alphabeti</span> <span class='ocrx_word' id='word_1_511' title='bbox 1768 2471 1818 2504; x_wconf 89' lang='lat' dir='ltr'>ad-</span> 
     </span>
    </p>

    <p class='ocr_par' dir='ltr' id='par_1_18' title="bbox 1118 2553 1819 2584">
     <span class='ocr_line' id='line_1_105' title="bbox 1118 2553 1819 2584; baseline -0.009 0"><span class='ocrx_word' id='word_1_512' title='bbox 1118 2560 1125 2583; x_wconf 82' lang='lat'>1</span> <span class='ocrx_word' id='word_1_513' title='bbox 1147 2556 1306 2584; x_wconf 82' lang='lat' dir='ltr'>Perturbate</span> <span class='ocrx_word' id='word_1_514' title='bbox 1323 2556 1366 2583; x_wconf 86' lang='lat' dir='ltr'>ed.</span> <span class='ocrx_word' id='word_1_515' title='bbox 1379 2554 1458 2582; x_wconf 83' lang='lat' dir='ltr'>Main.</span> <span class='ocrx_word' id='word_1_516' title='bbox 1471 2554 1553 2581; x_wconf 82' lang='lat' dir='ltr'>habet</span> <span class='ocrx_word' id='word_1_517' title='bbox 1566 2554 1597 2581; x_wconf 78' lang='lat' dir='ltr'>in</span> <span class='ocrx_word' id='word_1_518' title='bbox 1608 2553 1688 2582; x_wconf 67' lang='lat' dir='ltr'>citius</span> <span class='ocrx_word' id='word_1_519' title='bbox 1700 2560 1759 2580; x_wconf 78' lang='lat' dir='ltr'>una</span> <span class='ocrx_word' id='word_1_520' title='bbox 1771 2560 1819 2578; x_wconf 82' lang='lat' dir='ltr'>no-</span> 
     </span>
    </p>
   </div>
   <div class='ocr_carea' id='block_1_12' title="bbox 1078 2599 1817 2683">
    <p class='ocr_par' dir='ltr' id='par_1_19' title="bbox 1078 2599 1817 2683">
     <span class='ocr_line' id='line_1_106' title="bbox 1081 2599 1817 2641; baseline -0.007 -12"><span class='ocrx_word' id='word_1_521' title='bbox 1081 2603 1161 2630; x_wconf 70' lang='lat' dir='ltr'>mina</span> <span class='ocrx_word' id='word_1_522' title='bbox 1177 2605 1202 2629; x_wconf 84' lang='lat' dir='ltr'>ct</span> <span class='ocrx_word' id='word_1_523' title='bbox 1218 2601 1386 2641; x_wconf 65' lang='lat' dir='ltr'>cogynomincc</span> <span class='ocrx_word' id='word_1_524' title='bbox 1401 2601 1479 2636; x_wconf 72' lang='lat' dir='ltr'>fidei,</span> <span class='ocrx_word' id='word_1_525' title='bbox 1495 2599 1749 2632; x_wconf 68' lang='lat' dir='ltr'>committentium,</span> <span class='ocrx_word' id='word_1_526' title='bbox 1765 2600 1817 2625; x_wconf 73' lang='lat' dir='ltr'>ete,</span> 
     </span>
     <span class='ocr_line' id='line_1_107' title="bbox 1078 2648 1176 2683; baseline 0.01 -10"><span class='ocrx_word' id='word_1_527' title='bbox 1078 2648 1115 2683; x_wconf 57' lang='lat' dir='ltr'>(tt,</span> <span class='ocrx_word' id='word_1_528' title='bbox 1129 2648 1176 2682; x_wconf 33' lang='lat' dir='ltr'>Ty).</span> 
     </span>
    </p>
   </div>
   <div class='ocr_carea' id='block_1_13' title="bbox 1830 2104 2015 2260">
    <p class='ocr_par' dir='ltr' id='par_1_20' title="bbox 1830 2104 2015 2260">
     <span class='ocr_line' id='line_1_108' title="bbox 1858 2104 2014 2130; baseline -0.006 -5"><span class='ocrx_word' id='word_1_529' title='bbox 1858 2104 1948 2130; x_wconf 72' lang='lat' dir='ltr'>Ininngit</span> <span class='ocrx_word' id='word_1_530' title='bbox 1963 2109 2014 2125; x_wconf 79' lang='lat' dir='ltr'>onus</span> 
     </span>
     <span class='ocr_line' id='line_1_109' title="bbox 1831 2134 2015 2152; baseline -0.005 0"><span class='ocrx_word' id='word_1_531' title='bbox 1831 2134 1974 2152; x_wconf 63' lang='lat' dir='ltr'>conservatori</span> <span class='ocrx_word' id='word_1_532' title='bbox 1983 2137 2015 2151; x_wconf 71' lang='lat' dir='ltr'>ar-</span> 
     </span>
     <span class='ocr_line' id='line_1_110' title="bbox 1831 2159 2015 2183; baseline -0.005 -4"><span class='ocrx_word' id='word_1_533' title='bbox 1831 2159 1894 2179; x_wconf 74' lang='lat' dir='ltr'>chivii</span> <span class='ocrx_word' id='word_1_534' title='bbox 1910 2163 1947 2183; x_wconf 82' lang='lat' dir='ltr'>pro</span> <span class='ocrx_word' id='word_1_535' title='bbox 1957 2163 2015 2178; x_wconf 82' lang='lat' dir='ltr'>eom-</span> 
     </span>
     <span class='ocr_line' id='line_1_111' title="bbox 1831 2184 2015 2206; baseline -0.016 0"><span class='ocrx_word' id='word_1_536' title='bbox 1831 2185 1932 2206; x_wconf 66' lang='lat' dir='ltr'>mothtate</span> <span class='ocrx_word' id='word_1_537' title='bbox 1978 2184 2015 2204; x_wconf 78' lang='lat' dir='ltr'>ha-</span> 
     </span>
     <span class='ocr_line' id='line_1_112' title="bbox 1830 2211 2015 2232; baseline 0 -1"><span class='ocrx_word' id='word_1_538' title='bbox 1830 2212 1924 2232; x_wconf 80' lang='lat' dir='ltr'>bentium</span> <span class='ocrx_word' id='word_1_539' title='bbox 1961 2211 2015 2232; x_wconf 77' lang='lat' dir='ltr'>inte·</span> 
     </span>
     <span class='ocr_line' id='line_1_113' title="bbox 1830 2244 1895 2260; baseline -0.031 0"><span class='ocrx_word' id='word_1_540' title='bbox 1830 2244 1895 2260; x_wconf 70' lang='lat' dir='ltr'>resse.</span> 
     </span>
    </p>
   </div>
  </div>
 </body>
</html>
