2248 3229
208 237 261 267 An.
282 237 312 269 a.
328 236 398 266 1634
443 226 508 262 440

210 408 318 428 Contraria
332 408 390 430 tollit.

266 726 394 746 Publicium-

212 760 257 773 nrin
290 759 308 772 tu
340 751 394 771 [rue

213 785 283 799 munies
309 778 393 798 alli-:cre

213 805 314 826 decerne.

260 1685 401 1709 'transumptis

220 1712 276 1731 rie-li
292 1712 383 1732 mandat.

408 285 457 326 tis,
476 281 717 327 compescendo,
737 280 881 313 invocato
906 278 998 311 etiam
1019 276 1058 310 ad
1077 277 1147 318 hoc,

411 338 434 370 si
461 347 539 380 opus
564 334 675 373 suerit,
701 331 818 365 auxilio
842 330 963 364 brachii
989 330 1146 363 secularis.

453 391 467 433 g
492 390 519 423 6.
546 390 613 421 Non
639 385 851 427 obstantibus,
886 388 1039 428 quatenus
1071 394 1149 427 opus

409 444 467 484 sit,
493 440 678 474 recolendae
708 438 880 472 memoriae
914 437 1061 470 Bonisacii
1086 437 1150 470 Pa-

408 507 466 540 pae
484 494 558 537 Vlll,
580 493 672 526 etiam
698 491 950 536 praedecessoris
974 490 1086 531 nostri,
1111 490 1150 523 de

410 549 481 588 una,
499 552 529 580 et
546 547 577 579 in
594 546 728 579 concilio
753 544 893 588 generali
914 543 996 576 edita
1016 542 1053 576 de
1074 543 1150 576 dua-

410 603 468 634 bus
482 599 581 641 dietis,
596 599 770 642 ceterisque
784 597 815 630 in
829 596 1022 631 contrarium
1039 596 1150 630 sacien-

411 654 494 686 tibus
521 652 782 696 quibuscumque.

456 707 470 750 ς
501 706 528 739 7.
564 705 602 738 Ut
633 710 737 737 autem
770 708 952 748 praesentes
983 707 1013 735 et
1044 702 1075 735 in
1107 702 1151 735 eis

412 763 556 793 contenta
570 767 787 802 quaecumque
801 757 839 789 ad
852 756 993 790 oninium
1007 755 1151 789 notitiam

411 812 615 854 deducantur,
643 816 672 844 et
695 821 733 843 ne
759 809 872 853 aliquis
889 809 927 842 de
944 809 988 842 eis
1008 809 1168 852 ignoran-,

413 867 485 898 tiam
510 865 718 910 praetendere
742 864 860 908 possit,
891 863 1035 896 volumus
1061 861 1147 905 pari—

412 926 458 953 ter
475 924 505 952 et
528 918 729 960 mandamus,
747 917 833 961 quod
857 915 985 949 eaedem
1009 924 1153 959 praesen-

412 980 457 1006 tes
488 983 545 1017 per
578 973 713 1016 aliquem
747 981 801 1004 seu
833 970 956 1014 aliquos
981 979 1017 1002 ex
1043 978 1150 1002 curso-

412 1028 499 1061 ribus
518 1026 634 1060 nostris
650 1026 687 1058 ad
711 1024 861 1058 ecclesiae
879 1022 1106 1064 Lateranensis,
1123 1027 1153 1055 et

412 1080 558 1113 basilicae
584 1078 740 1122 Principis
764 1077 988 1121 Apostolorum
1003 1076 1041 1109 de
1058 1075 1151 1118 Urbe,

412 1144 534 1168 necnon
553 1132 756 1167 cancellariae
774 1131 966 1175 apostolicae
984 1130 1099 1171 valvas,
1118 1139 1154 1162 ac

415 1189 445 1221 in
470 1188 536 1221 acie
560 1186 667 1230 Campi
692 1186 803 1219 Florae
820 1185 987 1227 affigantur
1005 1189 1035 1216 et
1051 1182 1153 1227 publi-

414 1247 541 1282 centur,
572 1246 618 1281 οι,
644 1250 714 1273 cum
740 1239 819 1272 inde—
835 1238 1075 1278 amovebuntur,
1104 1247 1154 1270 ea—

414 1295 558 1328 rumdem
584 1293 725 1337 exempla
758 1292 789 1325 in
821 1291 939 1325 eisdem
964 1291 1040 1324 locis
1065 1291 1155 1324 affixa

415 1349 626 1382 dimittantur:
642 1357 722 1391 quae
739 1346 783 1380 sic
801 1340 978 1390 publicatae
993 1350 1022 1378 et
1036 1345 1155 1386 affixae,

416 1407 485 1446 post
502 1402 580 1435 duos
598 1411 721 1434 menses
738 1411 755 1433 a
772 1399 823 1433 die
835 1399 1056 1444 publicationis
1074 1409 1156 1432 coni-

416 1456 580 1500 putandos,
607 1464 716 1488 omnes
741 1458 771 1487 et
795 1453 944 1496 singulos,
970 1463 1050 1497 quos
1075 1462 1152 1486 con-

417 1514 566 1550 cernunt,
593 1507 723 1552 perinde
748 1506 883 1540 afficiant
907 1511 937 1539 et
960 1511 1096 1548 arctent,
1121 1517 1157 1540 ac

417 1564 441 1596 si
466 1562 634 1606 unicuique
660 1562 786 1594 illorum
810 1560 1018 1605 personaliter
1036 1560 1158 1593 intima-

418 1621 465 1651 tae
489 1622 519 1650 et
542 1615 719 1649 notificatae
743 1615 883 1648 fuissent.

463 1672 479 1712 ἓ
505 1669 534 1702 8.
558 1669 710 1713 Quodque
732 1668 856 1701 illarum
877 1667 1083 1711 transumptis
1103 1668 1158 1700 im-

418 1724 543 1768 pressis,
569 1724 672 1767 sigillo
690 1723 820 1756 alicuius
841 1732 993 1766 personae
1008 1722 1040 1754 in
1060 1721 1158 1764 digni-

419 1782 480 1810 tate
505 1776 715 1810 ecclesiastica
740 1776 926 1809 constitutae
958 1775 1103 1815 munitis,
1129 1780 1175 1807 et*

420 1841 512 1863 manu
533 1828 664 1863 alicuius
683 1829 797 1862 notarii
821 1827 1157 1873 publicisubscriptis,

420 1884 527 1917 eadem
559 1893 690 1927 prorsus
726 1882 802 1915 fides
839 1882 1045 1923 adhibeatur,
1079 1891 1158 1925 quae

419 1937 635 1982 praesentibus
659 1936 871 1976 adhiberetur,
897 1935 922 1969 si
946 1936 1047 1969 forent
1072 1934 1176 1968 exhi-1

421 1992 501 2026 bitae
525 1991 572 2023 vel
599 1996 750 2023 ostensae.

464 2045 575 2077 Datum
605 2044 731 2083 Romae,
752 2042 833 2086 apud
857 2042 885 2075 S.
911 2042 1039 2075 Mariani
1064 2041 1159 2075 Maio-

422 2109 509 2141 rem,
539 2097 596 2131 sub
624 2098 738 2130 annulo
769 2096 934 2129 Piscatoris
948 2123 955 2135 ‚
976 2096 1025 2128 die
1048 2106 1067 2129 v
1093 2089 1177 2129 iulii'*

423 2162 589 2194 nncxxxw,
616 2151 814 2195 pontificatus
836 2149 934 2183 nostri
955 2159 1036 2183 anno
1057 2159 1098 2183 xt.

455 2216 516 2243 Dat.
533 2214 575 2242 die
590 2215 606 2242 5
620 2214 676 2241 iulii
691 2214 770 2248 1632,
792 2213 887 2249 pontif.
905 2220 974 2240 anno
989 2219 1025 2240 xl.

464 2315 561 2349 Anno
594 2322 751 2347 Mncxxxiv
766 2340 773 2353 ,
812 2312 987 2346 indictione
1021 2310 1162 2345 secunda

420 2369 629 2414 pontificatus
649 2367 855 2401 Sanctt'sse'mi
869 2367 907 2399 D.
925 2366 964 2399 N.
979 2366 1016 2399 D.
1038 2365 1162 2399 Urbani

422 2424 535 2456 diuina
550 2421 758 2467 providentia
777 2421 888 2464 Papae
909 2420 1000 2462 VIII,
1022 2419 1074 2453 dz'e
1090 2429 1161 2452 vero

423 2477 538 2521 quinta
571 2475 777 2519 septembris,
806 2473 1011 2519 supradictae
1036 2473 1162 2507 litterae

424 2530 487 2562 sire
505 2530 667 2562 decretum
688 2529 828 2572 afflatum
841 2532 869 2561 et
881 2527 1086 2571 publicatum
1098 2527 1162 2570 fuit

425 2582 467 2615 ad
490 2583 600 2616 valvas
618 2583 826 2616 basilicarum
839 2582 869 2615 S.
883 2581 1017 2615 Ioannis
1040 2580 1075 2613 in
1100 2579 1161 2614 La-

424 2641 547 2678 terano,
571 2640 599 2669 et
622 2636 789 2680 Principis
806 2634 1036 2679 Apostolorum
1055 2633 1160 2675 Urbis,

978 228 1159 256 BULLARIUM
1182 228 1337 255 Ronlanum

1181 287 1218 310 ao
1242 276 1280 310 in
1309 275 1377 310 acie
1402 276 1515 320 campi
1534 276 1661 317 Florae,
1683 280 1721 310 ut
1743 275 1844 311 moris
1864 279 1919 317 est,

1178 340 1237 374 per
1256 339 1304 362 me
1320 328 1547 363 Alexandrum
1561 328 1728 371 Latinum,
1742 327 1920 373 praelibati

1165 383 1236 419 .SS.
1257 383 1294 417 D.
1311 382 1350 418 Ν.
1368 383 1480 426 Papae
1503 391 1674 414 cursorem.

1437 444 1497 476 Pro
1525 441 1652 475 domino
1681 452 1762 484 mag.
1792 453 1872 476 curs.

1459 497 1634 529 Doulnmus
1652 496 1752 530 Mauo.
1771 505 1851 529 curs.

1487 648 1620 682 CDXCII.

1184 726 1373 769 Desiynatio
1398 729 1612 758 conventuum
1634 734 1694 769 pro
1713 724 1923 757 novitiatibus

1230 778 1389 810 laicorum
1406 787 1461 810 seu
1478 787 1699 810 conversorum
1715 775 1849 810 Ordinis
1861 777 1925 819 fra-

1230 835 1317 863 trum
1341 831 1378 864 B.
1404 830 1530 863 Mariae
1555 829 1593 863 de
1616 829 1724 863 Monte
1750 828 1905 863 Carmelo.

1387 910 1524 938 Urbanus
1545 910 1624 944 Papa
1643 910 1722 943 vm,

1344 955 1380 982 ad
1399 954 1532 982 futuram
1551 954 1596 982 rei
1617 954 1798 982 memoriam.

1231 1026 1246 1070 ἓ
1274 1026 1300 1059 1.
1326 1025 1431 1069 Nuper
1450 1035 1510 1069 pro
1533 1030 1624 1069 parte
1648 1025 1751 1058 dilecti
1765 1025 1831 1064 ,filii
1856 1036 1925 1070 pro-

1186 1079 1341 1114 curatoris
1358 1079 1512 1122 generalis
1530 1078 1653 1112 Ordinis
1669 1079 1804 1113 fratrum
1820 1079 1851 1113 B.
1869 1080 1926 1113 Ma-

1186 1133 1251 1166 riae
1275 1133 1314 1167 de
1337 1134 1440 1167 Monte
1464 1133 1606 1167 Carmelo
1634 1133 1724 1167 nobis
1748 1134 1926 1178 expositum

1186 1186 1252 1229 fuit,
1266 1186 1351 1230 quod
1367 1197 1384 1219 a
1400 1186 1629 1219 venerabilibus
1646 1186 1794 1219 fratribus
1811 1187 1927 1220 nostris

1188 1244 1313 1273 sanctae
1345 1239 1504 1273 Romanae
1535 1239 1691 1273 Ecclesiae
1716 1239 1927 1273 cardinalibus

1188 1292 1322 1336 negotiis
1346 1293 1540 1336 regularium
1566 1293 1753 1337 praepositis
1773 1294 1928 1326 emanavit

1189 1346 1368 1388 decretum,
1393 1356 1451 1390 per
1482 1345 1630 1379 dilectum
1662 1346 1761 1379 silium
1784 1350 1927 1380 nostrum

1189 1399 1333 1435 Martium
1358 1399 1386 1433 S.
1405 1399 1515 1443 Angeli
1540 1399 1572 1432 in
1596 1399 1678 1433 Foro
1704 1399 1839 1433 Piscium
1864 1400 1928 1433 dia-

1190 1464 1305 1488 conum
1321 1453 1511 1488 cardinalem
1525 1453 1684 1488 Ginettum
1701 1459 1927 1498 nuncupatum,

1190 1507 1265 1541 dicti
1283 1507 1407 1542 Ordinis
1424 1507 1456 1541 B.
1474 1507 1589 1540 Mariae
1609 1507 1647 1540 de
1666 1507 1769 1541 Monte
1786 1507 1928 1541 Carmelo

1190 1566 1404 1606 protectorem
1432 1561 1544 1605 exponi
1569 1560 1802 1602 demandatum,
1827 1561 1927 1594 infra-

1192 1615 1309 1660 scripto
1334 1614 1391 1648 sub
1417 1619 1541 1655 tenore,
1566 1614 1724 1648 videlicet:

1191 1694 1454 1728 Eminentissz'mi
1470 1704 1485 1726 e
1500 1693 1761 1726 reverendissimi
1777 1694 1911 1737 siqnort.

1236 1774 1250 1817 ἓ
1274 1773 1302 1806 ⁶2.
1329 1773 1352 1806 ll
1382 1776 1589 1818 procuratore
1621 1773 1766 1815 generale
1792 1773 1839 1806 de'
1857 1773 1931 1807 Car-

1193 1827 1331 1860 melitani
1346 1837 1460 1871 espone
1474 1826 1694 1860 all’Eminenze
1709 1827 1828 1868 Vostre,
1842 1837 1932 1861 come

1192 1881 1273 1913 nella
1297 1891 1352 1913 sua
1376 1880 1529 1924 religione
1550 1880 1566 1913 e
1583 1885 1662 1914 stato
1687 1891 1810 1925 sempre
1830 1881 1931 1924 solito,

1193 1935 1250 1967 che
1274 1935 1283 1967 i
1308 1935 1380 1967 frati
1404 1935 1562 1978 conversi,
1587 1945 1642 1968 seu
1666 1935 1752 1976 laici,
1778 1935 1932 1969 facessero

1193 1989 1297 2022 l'anno
1321 1989 1371 2022 del
1391 1988 1545 2022 noviziato
1570 1988 1601 2021 in
1626 1989 1831 2034 qualsivoglia
1859 1999 1932 2022 con-

1175 2047 1285 2088 ⁵vento
1311 2042 1340 2075 in
1365 2042 1449 2075 virtu
1472 2043 1497 2075 si
1522 2042 1601 2075 delle
1617 2042 1686 2075 loro
1704 2042 1932 2085 constituzioni,

1194 2106 1283 2129 come
1312 2106 1390 2129 anco
1420 2106 1478 2140 per
1511 2095 1713 2129 concessione
1745 2096 1825 2129 della
1851 2096 1934 2130 bona

1194 2150 1347 2183 memoria
1380 2149 1411 2182 di
1443 2150 1599 2183 Clemente
1632 2149 1705 2182 VIII.
1739 2150 1785 2183 Ma
1817 2150 1934 2194 perche

1194 2204 1277 2236 forse
1294 2203 1354 2238 tale
1372 2203 1574 2236 concessione
1590 2203 1722 2237 sarebbe
1738 2208 1855 2248 troppo?
1868 2213 1934 2236 am-

1194 2257 1267 2300 pla,
1292 2256 1432 2300 supplica
1458 2257 1515 2290 che
1541 2256 1664 2290 almeno
1697 2257 1722 2290 si
1749 2257 1799 2290 dia
1823 2256 1934 2290 facolta

1195 2311 1222 2343 al
1246 2310 1344 2355 padre
1369 2310 1526 2354 generale,
1552 2311 1609 2344 che
1630 2310 1661 2343 in
1679 2311 1752 2354 ogni
1771 2311 1933 2355 provincia

1232 2419 1241 2445 l
1262 2418 1368 2446 Fratres
1383 2418 1543 2446 Caruielitae
1566 2426 1642 2445 suam
1665 2417 1786 2453 regulam
1805 2425 1934 2453 suscepe-

1194 2466 1257 2491 runt
1268 2464 1301 2491 ab
1311 2463 1418 2491 Alberto
1428 2463 1582 2499 patriarcha
1590 2463 1842 2499 HierosolymitanQ
1852 2470 1935 2498 quam

1196 2507 1328 2535 Honorius
1342 2508 1380 2535 111
1394 2508 1552 2544 approbavit
1567 2507 1594 2534 in
1609 2516 1657 2535 sua
1672 2508 1761 2535 Const.
1778 2513 1886 2541 Lxxvni,
1902 2506 1936 2534 Ut

1196 2552 1320 2587 vivendi,
1338 2554 1404 2580 tom.
1422 2559 1459 2586 111,
1476 2560 1536 2588 pag.
1553 2552 1615 2580 415.
1631 2551 1729 2587 Cappis
1745 2550 1812 2577 albis
1826 2550 1865 2577 uti
1880 2550 1936 2577 ius-

1196 2597 1229 2624 sit
1243 2596 1396 2625 Bouifacius
1411 2603 1456 2625 vni
1474 2596 1501 2624 in
1518 2596 1610 2624 Const.
1627 2603 1675 2631 vn,
1695 2595 1782 2623 Iustis
1793 2615 1800 2629 ,
1817 2598 1882 2623 tom.
1898 2601 1936 2630 iv,

1196 2649 1259 2677 pag.
1277 2640 1336 2668 133.

1927 226 1981 257 An.
2002 225 2031 255 G.
2048 224 2117 255 1684

1967 1032 2068 1054 [nstantia
2076 1038 2124 1059 pro·

1941 1060 2044 1080 curatoris
2061 1064 2124 1085 gane-

1941 1086 1991 1107 ralis
2006 1086 2098 1108 Ordinis.

1987 1783 2069 1804 Causae
2091 1782 2130 1803 hu-

1947 1810 1979 1831 ius
1994 1809 2129 1830 Censtitutlo-

1947 1837 1978 1858 nis
1997 1836 2129 1860 referuntur,

1948 1865 1969 1884 et
1978 1863 2085 1884 decretum
2094 1862 2131 1883 do-

1947 1895 2010 1916 supei·
2047 1894 2131 1910 emana-

1948 1919 2000 1938 tutu.
