2248 3229
61 231 111 259 An.
127 231 156 259 C.
179 230 245 260 163¹!

868 233 1010 258 URBANUS
1028 233 1084 258 vltl
1104 233 1151 257 1¹1⁵.

259 279 308 312 nis
319 279 512 322 huiusmodi,
525 286 557 314 ut
570 291 844 326 quorumcumque
856 282 1000 315 cliristiti-
1016 288 1018 315 ζ

260 332 376 365 delium
390 332 428 365 ad
443 333 526 377 ipsos
541 334 759 379 undecumque
773 335 999 375 accedentium,
1016 365 1019 390 ¹

262 384 394 430 illosque
430 386 621 420 infirmitatis
646 388 692 420 vel
717 398 916 432 quocumque
940 388 1019 431 alio,

262 444 404 482 tempore
440 441 665 474 et-oceasionc
697 441 826 474 domum
863 442 927 474 sive
963 441 1019 475 ad¹

261 503 493 537 quemcumque
517 494 612 527 alium
643 495 746 527 locum
771 494 809 527 ad
834 505 866 528 se
893 505 1019 528 vocan-i

262 546 340 578 tium
361 551 390 578 et
411 547 650 590 requirentium,
667 548 878 581 confessiones
903 548 1001 581 libere
1018 578 1019 591 ,

263 597 386 638 audire,
411 605 458 640 et,
483 600 543 632 illis
568 600 735 643 diligenter
759 600 891 640 auditis,
918 596 1019 644 ipsos*

262 651 481 684 christifideles
495 658 522 685 et
543 663 654 686 eorum
676 654 817 697 singulos
830 653 868 686 ab
882 664 1002 687 excom-

263 704 502 745 municationis,
527 706 742 750 suspensionis
773 712 802 739 et
828 705 1020 747 interdicti,⁴

263 767 298 789 ac
323 757 485 801 quibusvis
508 759 576 792 aliis
601 759 819 793 ecclesiasticis
843 758 1002 793 sententiis

263 816 291 841 et
317 811 478 852 censuris,
504 812 613 855 quavis
637 812 801 846 occasione
837 812 883 845 vel
909 814 1002 845 causa

263 864 501 907 quomodolibet
518 865 597 906 latis,
614 871 643 899 et
661 876 717 910 per
734 876 787 899 eos
807 865 950 906 incursis,
968 875 1004 898 ac

264 917 356 951 etiam
374 917 413 950 ab
437 918 584 952 omnibus
601 925 630 953 et
650 919 782 962 singulis
803 928 914 952 eorum
935 928 1023 961 pec--

264 970 352 1011 catis,
373 971 558 1004 criminibus
577 977 607 1005 et
631 971 810 1004 excessibus
826 975 855 1004 et
883 970 1004 1003 delictis

264 1027 553 1067 quantumcumque
578 1024 726 1067 gravibus
750 1027 779 1057 ct
803 1023 1004 1063 enormibus,

265 1075 357 1108 ctiam
372 1076 442 1109 Sedi
458 1077 654 1120 Apostolicae
672 1076 840 1110 reservatis
854 1077 1006 1120 (exceptis

265 1129 418 1162 contentis
445 1139 475 1161 in
496 1129 607 1162 litteris
627 1129 656 1161 in
680 1129 782 1163 Coena
800 1130 922 1162 Domini
944 1129 1005 1173 legi

265 1182 436 1226 consuetis)
462 1182 646 1223 absolvere,
675 1187 705 1217 ct
736 1194 794 1227 pro
830 1184 1007 1217 commissis

265 1235 487 1278 poenitentiam
513 1236 681 1269 salutarem
711 1237 756 1268 cis
782 1236 955 1279 iniungere,
972 1247 1007 1269 ac

266 1293 336 1321 vota
349 1299 566 1332 quaecumque
577 1290 808 1332 (ultramarino,
824 1290 1008 1323 visitationis

267 1341 412 1374 liminum
437 1341 601 1375 beatorum
629 1342 709 1375 Petri
731 1347 760 1375 et
779 1342 863 1375 Pauli
888 1348 1009 1386 aposto-

267 1394 370 1427 lorum
396 1394 434 1427 de
453 1395 545 1435 Urbe,
565 1395 594 1428 S.
613 1395 715 1428 iacobi
734 1396 764 1427 in
788 1396 1008 1439 Compostetm,

267 1454 297 1480 ct
322 1447 353 1480 B.
381 1448 494 1481 Mariae
519 1449 721 1490 Lauretanae,
747 1459 782 1482 ac
806 1450 955 1482 castitatis
979 1455 1007 1483 et

268 1501 430 1544 religionis
451 1502 530 1534 votis
547 1501 707 1536 dumtaxat
731 1503 880 1546 exceptis)
900 1503 929 1535 in
950 1503 1008 1535 alia
1026 1513 1027 1521 ¹

267 1554 476 1597 poenitentiae
507 1555 553 1587 vel
585 1555 709 1598 pietatis
739 1566 837 1599 opera
866 1566 1009 1589 commu-

268 1613 345 1646 tare,
362 1617 483 1640 necnon
501 1618 559 1651 per
576 1607 741 1641 dimidium
760 1608 855 1641 horae
873 1609 1008 1652 spatium

267 1665 338 1692 ante
358 1670 506 1693 auroram
532 1666 561 1693 et
578 1665 649 1704 post
674 1661 849 1703 meridiem,
874 1662 919 1694 eis
943 1672 1010 1695 eve-

267 1713 370 1746 niente
403 1723 498 1753 casu,
531 1714 642 1746 missas
673 1714 834 1747 celebrare
859 1714 956 1747 libere
981 1721 1010 1748 et

268 1765 352 1798 licite
378 1766 510 1807 valeant,
523 1766 605 1799 dicta
622 1767 807 1800 auctoritate
826 1767 964 1807 indulsit,
981 1772 1010 1802 ct

270 1818 446 1851 facultatem
473 1819 637 1860 concessit,
655 1824 748 1863 prout
767 1820 796 1852 in
823 1820 921 1864 ipsius
938 1820 1011 1854 Gre-

269 1871 351 1915 gorii
384 1872 636 1916 praedecessoris
669 1874 781 1907 litteris
813 1874 948 1918 desuper
980 1875 1009 1907 in

271 1927 371 1959 forma
396 1926 512 1967 Brevis,
533 1927 592 1959 sub
616 1927 665 1960 die
684 1937 734 1960 xiv
756 1928 858 1960 martii
885 1928 1029 1972 pontifi-⁴

270 1983 357 2013 catus
382 1980 429 2012 sui
455 1989 537 2013 anno
563 1990 592 2013 iv
616 1980 768 2024 expeditis
792 1981 915 2024 plenius
935 1991 1010 2014 con-

272 2032 388 2065 tinetur
402 2032 420 2065 ¹.
438 2033 514 2066 Cum
535 2039 650 2074 autem,
668 2034 749 2068 sicut
766 2034 903 2066 exhibita
921 2034 1011 2067 nobis

271 2096 372 2130 nuper
383 2096 441 2130 pro
455 2093 542 2130 parte
557 2087 691 2131 Philippi
709 2093 738 2120 ct
753 2087 1010 2131 presbyterorum
1028 2105 1029 2112 κ

271 2138 503 2182 praedictorum
519 2140 628 2183 petitio
642 2140 856 2182 continebat‚a
870 2140 1012 2184 pluribus

272 2191 429 2234 credatur,
440 2193 558 2225 litteras
572 2193 725 2226 facultatis
740 2193 930 2235 huiusmodi,
942 2193 1012 2226 licet
1029 2198 1030 2210 ¹

1035 288 1202 326 propterca
1227 281 1296 325 ipsi,
1317 286 1350 314 ut
1369 291 1461 314 omne
1481 280 1612 314 dubium
1639 280 1775 320 tollatur,

1034 345 1068 368 ae
1084 335 1113 368 in
1132 335 1184 368 Dci
1202 340 1231 368 et
1248 335 1424 368 animarum
1441 334 1568 368 servitio
1585 334 1616 367 in
1632 333 1698 367 dies
1715 344 1776 366 ma-

1035 389 1082 430 gis
1095 393 1125 421 et
1140 388 1237 431 magis
1251 388 1405 432 proficere
1420 388 1549 430 valcant,
1566 387 1775 430 libentiusque

1036 442 1066 473 in
1080 441 1158 474 lianc
1172 452 1280 474 curam
1299 441 1490 481 incumbant,
1503 441 1601 474 dictas
1615 440 1776 474 facultates

1036 494 1112 537 ipsis
1133 494 1163 526 in
1184 498 1372 538 perpetuum
1393 494 1533 534 concedi,
1551 504 1585 527 ac
1602 494 1632 526 in
1651 493 1777 538 quibus-

1035 547 1105 580 dam
1131 548 1256 580 extendi
1281 553 1309 581 et
1334 548 1477 591 ampliari
1502 547 1696 587 desiderent,
1718 557 1776 590 pro

1036 605 1123 643 parte
1140 600 1324 633 eorumdem
1355 601 1491 644 Philippi
1520 605 1549 634 ct
1579 600 1778 644 presbytero-

1037 664 1116 693 rum,
1130 653 1194 697 qui,
1211 659 1243 687 ut
1261 658 1413 694 asserunt,
1432 655 1461 686 in
1478 654 1666 698 primodieta
1682 653 1778 686 eccle-

1036 706 1082 738 sia
1095 706 1132 738 ad
1147 707 1356 740 confessiones
1380 707 1550 740 audiendas
1566 707 1604 739 de
1622 707 1721 740 nostri
1745 706 1777 738 in

1037 757 1119 791 dicta
1136 758 1219 792 Urbe
1236 765 1265 792 et
1283 759 1364 792 illius
1385 760 1530 792 districtu
1549 759 1654 792 vicarii
1673 759 1702 792 in
1720 759 1778 802 spi-

1038 810 1204 844 ritualibus
1228 812 1384 854 generalis
1409 812 1534 845 licentia
1555 811 1693 856 deputati
1718 811 1779 844 exi—

1021 901 1023 908 ,
1038 867 1132 904 stunt,
1147 864 1236 897 nobis
1258 865 1314 898 fuit
1334 866 1495 898 humiliter
1512 865 1731 909 supplicatum,
1746 870 1778 897 ut

1039 916 1083 948 eis
1100 916 1130 949 in
1153 917 1335 960 praemissis
1355 923 1534 962 opportune
1555 918 1720 961 providere
1741 917 1778 950 dc

1043 969 1235 1013 benignitate
1260 971 1433 1014 apostoliea
1469 970 1684 1014 dignaremur.
1718 971 1779 1003 Nos

1041 1023 1146 1066 igitur,
1167 1023 1220 1066 qui
1236 1023 1375 1057 honestis
1393 1024 1566 1067 petentium
1586 1024 1664 1057 votis
1684 1023 1779 1056 liben-

1042 1080 1088 1110 ter
1115 1076 1294 1119 annuimus,
1312 1087 1412 1120 eaque
1438 1077 1596 1110 favoribus
1621 1076 1780 1120 prosequi-

1042 1139 1113 1161 mur
1133 1129 1559 1173 opportunis,Philippumet
1578 1129 1779 1173 presbyteros

1041 1182 1219 1226 praedictos
1243 1193 1417 1226 corumque
1434 1183 1575 1226 singulos
1587 1193 1605 1215 a
1618 1182 1781 1226 quibusvis

1042 1236 1383 1276 excommunicationis,
1401 1235 1615 1279 suspensionis
1631 1241 1661 1268 et
1685 1234 1781 1267 inter-

1043 1288 1128 1330 dicti,
1143 1289 1275 1333 aliisque
1293 1289 1511 1322 ecclesiasticis
1527 1289 1699 1331 sententiis,
1713 1299 1782 1321 cen-

1025 1383 1027 1389 .
1044 1342 1125 1375 ruris
1139 1346 1168 1376 et
1182 1343 1303 1386 poenis,
1319 1354 1334 1375 a
1351 1343 1418 1376 iure
1436 1343 1483 1375 vel
1501 1343 1539 1375 ab
1556 1342 1693 1383 homine,
1710 1352 1782 1385 qua-

1045 1395 1088 1428 vis
1113 1395 1278 1429 occasione
1310 1396 1358 1428 vel
1387 1398 1480 1429 eausa
1505 1395 1594 1436 latis,
1619 1395 1644 1428 si
1668 1395 1782 1439 quibus

1043 1448 1282 1492 quomodolibet
1305 1449 1442 1482 innodati
1468 1449 1621 1489 existunt,
1646 1448 1684 1481 ad
1708 1448 1783 1481 effe-

1044 1507 1127 1534 ctum
1153 1502 1365 1546 praesentium
1397 1502 1557 1535 dumtaxat
1588 1512 1783 1545 consequen-

1044 1555 1128 1596 dum,
1143 1555 1256 1588 harum
1275 1556 1354 1596 sei-je
1371 1555 1568 1589 absolventes
1582 1560 1611 1588 ct
1624 1555 1784 1588 absolutos

1026 1618 1027 1653 j
1045 1608 1111 1641 fore
1129 1614 1302 1649 censentes,
1323 1619 1444 1642 necnon
1469 1608 1645 1642 litterarum
1666 1608 1785 1652 praedi-

1026 1702 1028 1712 !
1045 1667 1165 1695 ctarum
1181 1667 1304 1695 tenores
1321 1662 1539 1706 praesentibus
1555 1672 1614 1706 pro
1628 1663 1785 1706 expressis

1045 1714 1203 1754 habentes,
1229 1715 1410 1748 huiusmodi
1435 1714 1723 1758 supplicationibus
1744 1715 1787 1747 in-

1027 1805 1028 1812 *
1045 1767 1162 1808 clinati,
1179 1768 1334 1811 Philippo,
1352 1778 1387 1801 ac
1411 1778 1495 1801 nunc
1512 1773 1541 1801 et
1561 1778 1619 1811 pro
1644 1773 1786 1811 tempore

1045 1820 1250 1854 existentibus
1261 1821 1519 1864 Congregationis
1533 1821 1711 1854 huiusmodi
1724 1820 1787 1853 ubi-

1027 1884 1180 1924 ,cumque
1204 1874 1347 1907 locorum
1380 1873 1511 1907 diffusae
1539 1873 1731 1918 presbyteris
1756 1874 1786 1906 in

1046 1926 1128 1959 Urbe
1152 1937 1169 1959 a
1193 1926 1276 1960 dicto
1301 1927 1438 1969 vicario,
1468 1937 1523 1960 scu
1548 1932 1636 1960 extra
1659 1937 1728 1959 eam
1748 1927 1786 1959 ab

1045 1978 1219 2012 Ordinariis
1250 1979 1393 2013 locorum
1426 1979 1464 2012 ad
1495 1979 1707 2013 confessiones
1732 1991 1787 2012 an-

1046 2031 1175 2065 diendas
1195 2032 1434 2075 quomodolibet
1453 2033 1647 2077 approbatis,
1665 2043 1788 2066 corum-

1046 2096 1106 2128 que
1130 2086 1273 2129 singulis,
1294 2086 1379 2130 quod
1401 2086 1469 2130 ipsi,
1487 2087 1648 2130 perpetuis
1673 2086 1788 2119 futuris

1048 2139 1254 2182 temporibus,
1271 2139 1412 2172 omnium
1439 2145 1468 2172 et
1492 2140 1689 2183 singulorum
1707 2140 1788 2173 chri-

1047 2191 1226 2224 stifidelium
1264 2193 1476 2226 confessiones
1511 2193 1640 2234 audire,
1665 2193 1788 2237 illisque

1677 222 1740 256 613
1788 231 1838 259 An.
1854 231 1882 259 e.
1907 231 1972 259 ¹637

273 2245 343 2278 illae
361 2245 399 2278 ad
420 2251 540 2279 certum
565 2246 692 2290 aliquod
719 2252 842 2290 tempus
867 2247 1012 2290 specifice
1029 2245 1031 2297 ¹,
1047 2244 1159 2278 auditis
1183 2255 1236 2278 cos
1259 2256 1276 2277 a
1301 2245 1465 2288 quibusvis
1490 2246 1787 2280 excommunicatio-

273 2304 302 2330 et
319 2309 466 2342 expresse
479 2309 540 2332 non
558 2299 671 2332 fuerint
683 2299 842 2340 limitatae,
857 2299 1014 2332 nihilomi-
1030 2302 1031 2315 ¹
1047 2299 1104 2339 nis,
1119 2298 1333 2342 suspensionis
1347 2304 1377 2332 et
1391 2299 1558 2340 interdicti,
1573 2299 1705 2342 aliisque
1723 2299 1789 2342 qui-

274 2361 332 2384 nus
355 2352 518 2392 decennio,
536 2353 596 2385 iarn
621 2352 659 2386 de
685 2362 792 2385 mense
818 2353 921 2385 martii
945 2363 1015 2396 pro·
1030 2383 1032 2410 Ι
1048 2351 1153 2384 busvis
1177 2351 1395 2385 ecclesiasticis
1413 2352 1583 2394 sententiis,
1602 2352 1742 2385 censuris
1759 2358 1789 2385 ct

276 2405 356 2438 xime
376 2405 535 2449 praeteriti
549 2406 666 2449 elapso,
684 2404 807 2438 tamen⁹
825 2405 965 2446 durasse,
985 2411 1014 2438 et
1030 2423 1032 2427 <
1049 2404 1169 2448 poenis,
1194 2404 1302 2448 quavis
1324 2405 1488 2438 occasione
1514 2405 1559 2438 vel
1585 2407 1679 2438 causa
1704 2415 1785 2449 quo-

1050 2457 1219 2491 modolibet
1245 2457 1323 2500 latis,
1348 2463 1377 2490 et
1401 2469 1459 2502 per
1484 2469 1537 2491 eos
1563 2458 1706 2500 incursis,
1721 2468 1789 2491 nec-

1049 2521 1111 2544 non
1137 2511 1175 2544 ab
1201 2511 1348 2544 omnibus
1373 2516 1402 2544 et
1427 2511 1559 2554 singulis
1584 2522 1695 2545 eorum
1716 2522 1790 2555 pec-

1050 2564 1135 2606 catis,
1152 2563 1338 2597 criminibus
1362 2570 1391 2597 et
1415 2564 1593 2597 excessibus
1617 2570 1645 2597 et
1671 2563 1790 2598 delictis

1032 2624 1340 2663 :quantumcumque
1365 2618 1513 2661 gravibus
1533 2624 1562 2651 et
1588 2618 1790 2662 enormibus,

310 2497 319 2521 1
340 2494 397 2521 Alia
411 2494 445 2521 de
460 2494 673 2528 Congregauone
688 2494 804 2521 oratorii
827 2495 928 2521 Romae
945 2495 1014 2521 tlon-

273 2539 377 2566 stitutio
392 2538 471 2573 Greg.
486 2538 540 2565 ΧΙΙΙ
556 2539 672 2565 habetur
688 2538 715 2565 in
727 2539 946 2569 Buttar·1'0,tom.
961 2545 1014 2573 vin,

274 2591 334 2619 pag.
350 2582 398 2610 54¹
414 2591 420 2613 ς
437 2582 483 2609 sed
501 2582 561 2609 heic
578 2583 658 2609 citata
675 2589 727 2608 non
745 2582 861 2609 liabetur
875 2583 913 2614 (n.
930 2586 978 2616 Τ.).

307 2627 323 2653 2
340 2626 432 2654 Potius
449 2626 507 2661 lege
524 2630 637 2654 tantum
653 2630 682 2661 (n
705 2628 752 2659 τ.).
