2248 3229
237 207 285 233 An.
308 206 335 234 c.
359 207 425 235 1634
470 199 534 233 412

263 695 291 716 De
306 695 417 716 visitami-

235 724 281 743 lvua.

399 2200 404 2204 ·
435 2191 577 2233 rentiam,
591 2192 801 2225 obedientiam
816 2198 845 2225 et
859 2192 1080 2225 confidentiam
1093 2202 1156 2235 non
1167 2192 1175 2208 ¹

1013 211 1191 235 BULLARmM

436 257 605 301 ceptoriis,
638 267 717 301 quac
756 257 904 301 deinceps
934 258 1174 300 Congregatioui

435 317 561 345 nostrae
578 312 766 344 reformatae
783 310 940 352 unientur,
961 311 1068 355 eisque
1089 321 1176 355 supe-

435 364 535 398 riores
554 375 609 408 per
629 369 748 397 secreta
773 368 807 396 ut
831 364 1008 408 praefertur
1026 363 1176 408 suffragia

434 418 616 462 praeficere,
634 417 799 461 religiosos
816 417 854 451 de
873 418 967 452 domo
987 419 1018 451 in
1035 418 1176 460 domum,

434 472 558 515 quando
583 482 709 505 necesse
733 472 836 513 suerit,
865 473 1048 506 transferre:
1066 478 1095 506 et
1112 483 1176 507 orn-

433 525 502 566 nia,
528 535 607 568 quae
632 525 664 557 in
689 525 868 559 definitorio
893 526 1008 559 fuerint
1032 526 1176 567 decreta,

434 578 466 610 in
489 578 571 611 libro
591 579 740 621 scribant,
760 589 854 623 quem
880 580 1016 624 capitulo
1037 580 1176 624 generali

435 631 584 665 exhibere
607 632 806 665 tenebuntur.

478 686 511 718 In
544 686 675 730 singulis
711 687 856 731 capitulis
885 687 1084 730 generalibus
1115 687 1173 720 eli-

435 744 549 782 gantur
573 739 635 773 duo
669 740 781 773 fratres
817 740 1016 782 sacerdotes,
1041 740 1175 784 pietate,

433 792 612 835 prudentia,
633 793 777 827 doctriua
802 799 831 827 et
856 805 963 829 rerum
984 793 1176 838 experientia

433 846 577 889 praediti,
591 847 654 890 qui,
668 848 853 881 auctoritate
869 848 996 892 capituli
1010 848 1175 891 generalis,

434 909 548 934 munus
573 901 767 942 visitationis,
787 902 870 935 iuxta
891 903 1025 935 formam
1051 901 1109 934 sibi
1129 911 1176 934 se-

434 953 570 987 cundum
592 952 697 988 sacros
718 965 854 988 canones
879 966 913 988 ae
939 955 1176 989 constitutiones

433 1008 621 1052 apostolicas
652 1014 682 1041 et
712 1010 899 1053 praesertim
935 1009 1061 1042 decreta
1095 1008 1176 1041 sacri

433 1062 562 1096 Concilii
579 1063 752 1097 Tridentini
778 1064 1020 1108 praescriptam,
1038 1063 1176 1097 secundo

434 1116 514 1150 infra
532 1117 701 1151 triennium
726 1128 808 1151 anno
826 1118 950 1158 obeant,
967 1118 1026 1150 nisi
1045 1117 1111 1161 ipse
1127 1117 1177 1149 ab·

433 1169 488 1204 bas
513 1171 660 1215 superior
685 1171 840 1215 generalis
866 1172 966 1204 obeat.

477 1223 554 1258 Cum
579 1224 616 1257 ad
642 1224 752 1258 domos
778 1225 946 1257 visitandas
963 1224 1174 1268 pervenerint,

433 1277 464 1309 in
489 1277 600 1321 primis
624 1282 766 1322 patentes
798 1279 917 1311 litteras
947 1278 1104 1322 superiori
1130 1278 1175 1310 lo-

433 1330 491 1363 cali
516 1331 701 1371 exhibeant,
726 1337 755 1364 et
779 1332 811 1364 in
836 1342 966 1365 munere
991 1331 1176 1364 visitationis

432 1384 511 1417 nihil
536 1385 573 1418 de
599 1396 679 1418 novo
715 1386 877 1419 instituant
911 1387 957 1419 vel
989 1386 1193 1430 immutent„

434 1437 488 1470 sed
513 1438 650 1482 collapsa
682 1445 878 1481 restaurent,
911 1445 941 1472 et
974 1439 1004 1471 in
1029 1431 1193 1472 omnihus¹

433 1490 518 1524 iuxta
548 1492 719 1525 Concilium
752 1493 968 1526 Tridentinum
1004 1493 1175 1536 procedant

433 1544 599 1589 (expensas
623 1546 780 1579 faciendas
805 1547 834 1579 in
865 1547 1096 1580 visitationibus
1120 1546 1175 1580 ‹lo-

433 1608 504 1632 mus
529 1599 700 1633 visitandae
721 1610 736 1632 a
754 1600 890 1644 capitulo
908 1601 1048 1643 generali
1073 1605 1176 1633 taxan-

433 1652 488 1686 das
513 1654 708 1697 sustineant),
728 1664 791 1688 non
817 1655 909 1688 simul
934 1660 1039 1688 tamen
1063 1665 1174 1699 proee-

434 1706 517 1749 dant,
534 1708 588 1741 sed
605 1708 737 1752 quisque
762 1714 885 1752 partem
903 1709 962 1741 sibi
986 1709 1174 1752 assignatam

434 1772 505 1794 eum
522 1762 607 1795 socio
627 1761 740 1795 idoneo
758 1773 775 1795 a
792 1762 970 1796 definitorio
991 1762 1050 1795 sibi
1071 1762 1177 1795 adiun-

435 1820 484 1848 cto
506 1815 616 1848 visitet.

476 1869 510 1901 ln
527 1869 776 1902 correctionibus
791 1869 960 1903 eriminum
979 1875 1008 1902 et
1024 1870 1092 1903 aliis
1109 1880 1176 1913 gra-

434 1921 574 1955 vioribus
598 1923 731 1966 negotiis
757 1934 882 1967 semper
900 1923 1062 1967 requirant
1077 1923 1176 1956 senio-

435 1986 505 2009 rum
536 1982 661 2021 patrum
686 1981 856 2011 conventus
890 1979 936 2011 vel
968 1977 1096 2011 maioris
1121 1988 1172 2011 eo-

435 2040 506 2062 rum
539 2031 636 2073 partis
667 2031 851 2067 eousilium2
878 2036 1006 2064 caveant
1042 2031 1176 2063 maxime

435 2093 474 2116 ue
499 2084 697 2128 superiorum
715 2085 936 2118 auctoritatem
953 2084 1037 2128 apud
1053 2084 1176 2118 inferio-

436 2147 497 2178 res,
522 2143 552 2170 et
575 2138 760 2171 inferiorum
786 2148 861 2181 erga
882 2138 1062 2181 superiores
1085 2148 1175 2171 reve-

435 2246 593 2286 minuant,
619 2256 682 2280 non
706 2246 799 2279 etiam
825 2246 942 2290 aliquid
974 2246 1012 2279 de
1036 2246 1175 2290 ipsarum

435 2298 603 2332 domorum
622 2300 713 2333 libris
734 2305 786 2332 aut
810 2300 995 2333 utensilibus
1020 2299 1096 2333 dare
1123 2305 1176 2332 aut

435 2362 559 2386 sumere
583 2353 719 2397 possint,
745 2354 803 2386 nisi
829 2354 866 2387 de
897 2353 1070 2397 superioris
1095 2364 1172 2388 con»

435 2416 537 2440 sensu.

478 2460 581 2493 Finita
605 2461 790 2502 usitatione,
815 2466 882 2494 acta
897 2488 904 2502 ,
933 2472 1014 2505 quac
1038 2461 1176 2495 confece-

435 2514 543 2557 cerint,
562 2514 600 2547 ad
617 2515 813 2559 superiorem
832 2516 1011 2558 generalem
1028 2515 1174 2555 referant,

472 2632 483 2657 1
500 2631 634 2660 Particula
648 2640 705 2660 uon
719 2631 833 2660 delenda
849 2631 955 2661 videtur
972 2638 1007 2667 ta.
1025 2632 1072 2667 T.).
1189 2617 1193 2665 l

1214 211 1368 235 nomnen

1208 267 1265 290 nec
1278 258 1359 290 ultra
1372 258 1553 299 triennium,
1567 260 1625 292 nisi
1638 260 1676 293 de
1690 269 1771 294 novo
1780 260 1946 303 eligantur,

1209 310 1353 344 visitandi
1379 316 1559 355 susceptum
1583 322 1696 346 munus
1719 319 1901 358 prorogent.

1254 364 1357 408 Exigit
1369 364 1494 398 Ordinis
1510 370 1540 398 et
1552 365 1810 409 Congregationis
1824 377 1947 401 conser-

1210 418 1302 459 vatio,
1320 423 1353 452 ut
1370 418 1482 462 aliquis
1499 419 1530 452 in
1550 419 1643 453 Curia
1659 420 1801 453 Romana
1825 421 1948 465 religio-

1211 481 1262 505 sus
1287 472 1466 516 deputetur,
1483 473 1536 516 qui
1553 483 1604 506 res
1627 477 1658 506 et
1679 473 1807 516 negotia
1829 474 1949 517 praedi-

1211 524 1250 558 cti
1275 525 1375 558 nostri
1399 525 1524 559 Ordinis
1548 530 1579 559 et
1602 526 1861 570 Congregationis
1881 537 1950 570 pro-

1211 584 1299 612 curet
1324 584 1354 612 et
1382 584 1489 623 gerat;
1515 584 1710 624 quapropter
1746 579 1778 612 in
1813 580 1950 624 capitulo

1211 633 1350 676 generali
1370 633 1506 676 eligatur
1526 633 1638 677 aliquis
1662 634 1796 667 fratrum
1819 633 1949 677 peritus,

1210 686 1330 720 bonus¹
1348 687 1607 730 Congregationis
1625 687 1736 729 zelans,
1761 687 1814 731 qui
1835 697 1950 731 procu-

1211 747 1297 774 rator
1322 741 1478 784 generalis
1502 741 1685 785 appelletur,
1704 742 1741 774 ea
1757 741 1892 775 maxime
1913 741 1950 773 di·

1211 797 1304 828 causa
1331 795 1547 837 instituendus,
1576 799 1609 829 ut
1633 795 1765 828 fratrum
1790 795 1950 829 discursus

1211 854 1241 881 et
1261 848 1432 889 distractio,
1452 854 1481 881 et
1506 848 1642 892 plurima
1668 849 1727 882 alia
1752 849 1949 883 incommoda

1211 902 1374 935 evitentur.

1255 956 1461 998 Fidelitatem,
1475 956 1674 1000 prudentiam
1692 961 1722 989 et
1735 956 1950 990 dexteritatem

1210 1009 1327 1044 hahere
1353 1010 1489 1051 studeat,
1516 1010 1730 1054 invigiletque,
1753 1020 1793 1043 ne
1817 1009 1893 1053 quid
1920 1011 1951 1042 in

1211 1064 1292 1099 dicta
1311 1064 1398 1097 curia
1426 1069 1560 1098 transeat
1585 1065 1631 1097 vel
1653 1069 1765 1107 agatur
1783 1064 1813 1097 in
1833 1064 1953 1108 praeiu-

1211 1118 1328 1152 dicium
1353 1118 1477 1152 Ordinis
1496 1118 1596 1151 nostri
1621 1123 1651 1151 et
1674 1117 1951 1161 Congregationis,

1210 1182 1273 1205 non
1298 1182 1330 1205 se
1356 1171 1478 1215 ingerat
1497 1172 1529 1204 in
1546 1171 1674 1215 agendis
1699 1171 1838 1214 negociis
1862 1181 1951 1204 secu-

1211 1225 1334 1265 larium,
1350 1235 1407 1258 nec
1425 1225 1578 1258 intentare
1595 1224 1693 1269 possit
1713 1223 1840 1268 aliquod
1860 1233 1953 1267 nego-

1212 1279 1300 1319 tium,
1312 1283 1411 1312 totum
1425 1278 1575 1312 Ordinem
1594 1283 1647 1311 aut
1666 1278 1950 1322 Congregationem

1210 1332 1411 1365 reformatam
1442 1337 1494 1364 aut
1527 1332 1664 1375 aliquem
1696 1331 1796 1364 nostri
1827 1330 1952 1364 Ordinis

1210 1386 1393 1428 religiosum
1419 1395 1629 1427 concernens,
1654 1384 1772 1428 absque
1797 1383 1952 1427 generalis

1210 1445 1240 1472 et
1263 1438 1464 1473 definitorum
1491 1440 1641 1482 expressa
1664 1438 1800 1471 licentia.

1254 1493 1440 1537 Superiores
1479 1492 1674 1536 singularum
1712 1491 1948 1536 praeceptoria-

1202 1535 1280 1581 ssim
1306 1557 1361 1581 seu
1381 1547 1550 1581 domorum
1568 1547 1628 1580 sint
1645 1546 1834 1586 sacerdotes,
1852 1549 1951 1580 aetate

1210 1601 1364 1645 provecti,
1384 1601 1537 1643 doctrina,
1558 1600 1699 1634 moribus
1721 1598 1952 1633 commendabi-

1210 1654 1264 1695 les,
1283 1653 1435 1686 charitate
1460 1660 1490 1686 et
1513 1653 1679 1697 prudentia
1706 1645 1849 1696 praediti,
1867 1663 1903 1685 ac
1921 1652 1951 1684 in

1210 1707 1348 1751 generali
1374 1707 1510 1751 capitulo
1536 1707 1636 1747 electi,
1649 1716 1784 1750 quorum
1813 1705 1950 1739 officium

1211 1760 1308 1804 (quod
1323 1770 1422 1804 usque
1440 1760 1478 1793 ad
1492 1760 1671 1803 ingressum
1696 1759 1886 1793 successoris
1904 1768 1953 1791 ex-

1211 1814 1367 1858 tenditur>
1393 1818 1438 1848 cst
1471 1824 1569 1858 opere
1600 1819 1630 1847 et
1661 1823 1807 1847 sermone
1839 1812 1953 1846 exhor-

1211 1869 1269 1901 tari
1292 1868 1330 1902 ad
1347 1868 1476 1911 regulae
1501 1868 1824 1911 constitutionumque
1848 1866 1953 1900 obser-

1210 1922 1356 1955 vantiam.

1254 1978 1364 2011 Caveat
1381 1975 1456 2010 iste²
1473 1976 1620 2020 superior
1635 1976 1668 2008 in
1683 1975 1766 2009 victu
1786 1985 1822 2008 ac
1839 1975 1950 2009 vestitu

1211 2030 1328 2074 aliquid
1353 2030 1522 2073 singulare,
1546 2029 1606 2062 nisi
1631 2028 1822 2061 infirmitatis
1846 2030 1950 2068 causa,

1210 2083 1396 2124 admittere,
1424 2082 1633 2116 familiaritate
1667 2087 1720 2115 aut
1754 2081 1950 2125 indulgentia

1210 2138 1289 2171 alios
1306 2137 1477 2177 offendere,
1494 2137 1593 2170 bonas
1609 2136 1851 2170 consuetudines
1868 2145 1885 2168 a
1901 2145 1951 2179 ge-

1210 2191 1308 2224 nerali
1335 2191 1499 2235 superiore
1517 2195 1547 2224 et
1566 2200 1583 2222 a
1600 2190 1736 2234 capitulo
1760 2189 1950 2234 approbatas

1210 2246 1390 2285 immutare,
1418 2245 1466 2277 vel
1490 2245 1619 2289 propria
1645 2244 1832 2278 auctoritate
1854 2253 1950 2277 novas

1209 2299 1418 2332 introducere.

1253 2354 1284 2386 Si
1302 2353 1427 2397 quando
1448 2363 1519 2386 cum
1545 2353 1610 2386 suis
1629 2358 1683 2387 aut
1706 2363 1813 2387 secum
1829 2352 1951 2396 dispen-

1209 2406 1297 2440 sandi
1322 2408 1491 2440 necessitas
1507 2406 1658 2451 requirat,
1676 2406 1707 2439 id
1722 2406 1783 2440 levi
1802 2405 1841 2439 de
1858 2406 1950 2439 causa

1208 2470 1271 2494 non
1302 2460 1414 2504 faciat,
1444 2470 1546 2504 neque
1583 2460 1700 2505 aliquid
1730 2470 1801 2494 cum
1829 2459 1950 2502 integra

1209 2515 1432 2548 communitate
1457 2515 1488 2547 in
1519 2514 1657 2558 regulari
1687 2514 1751 2547 vita
1775 2517 1872 2547 mutet
1902 2511 1950 2544 vel

1245 2588 1255 2613 1
1274 2586 1368 2614 Potius
1383 2586 1442 2622 lege
1458 2587 1525 2614 boni
1540 2594 1622 2621 quam
1638 2586 1725 2614 bonus
1736 2585 1776 2620 (n.
1793 2586 1841 2618 Τ.).

1243 2631 1259 2657 2
1275 2631 1376 2662 Forsan
1390 2632 1512 2667 quisque
1526 2639 1577 2667 pro
1593 2632 1643 2660 iste
1656 2629 1762 2666 legend.
1777 2629 1815 2665 (a.
1833 2629 1895 2666 r.).j

1957 212 2007 239 An.
2023 212 2054 239 C.
2076 211 2142 239 1634

1994 380 2022 399 lte
2045 384 2145 404 procura-

1963 409 2007 426 ture
2023 407 2123 431 gflsst‘t'alt.

1994 1502 2022 1522 sto
2034 1502 2149 1528 superiori-

1967 1529 2012 1549 huz.
