2248 3229
76 218 129 246 An.
145 218 173 246 C.
197 218 263 247 ¹637

109 653 187 676 nmrert.
203 658 256 679 quae

74 679 209 706 praescripsit
237 679 258 700 in

74 706 258 733 praecedentium

73 734 190 753 notumne.

885 221 1025 245 rannus

570 267 721 303 DLxxvl.

273 338 465 372 Praedictas
493 340 650 383 pecunias
682 340 766 374 clero
798 341 1015 385 Neapolitano

318 391 536 424 restituendas
555 392 678 426 addicit
695 393 838 437 fabricae
863 393 1015 428 basilicae

317 445 488 489 Principis
513 446 733 491 apostolorum
758 447 796 479 cle
823 447 904 481 Urbe
918 446 935 478 ¹.

467 525 604 552 Urbanus
633 526 710 560 Papa
741 527 820 558 vm,

416 572 451 597 ad
479 571 611 596 futuram
630 572 675 597 rei
696 572 866 598 memoriam

317 641 332 684 ἓ
349 641 378 673 ’1.
396 639 514 673 Hodie-²
538 642 610 684 (pro
628 647 717 685 parte
735 641 922 675 dilectorum
939 641 1015 675 filio-

274 705 344 726 rum
369 694 605 727 communitatis
629 700 658 728 ct
691 695 854 728 hominum
883 695 1014 729 civitatis

274 746 496 791 Neapolitanae
521 747 612 781 nobis
636 748 800 792 exposito,
824 748 908 792 quod
935 748 1012 792 ipsi,

274 804 306 831 ut
331 799 518 833 charissimo
537 800 567 832 in
587 800 710 834 Christo
731 800 796 834 filio
821 807 929 834 nostro
948 801 1014 833 Phi-

274 853 360 898 lippo
370 853 590 897 Hispaniarum
601 855 667 898 regi
681 855 845 894 catholico,
856 855 908 898 qui
919 855 1012 888 etiam

275 917 327 939 rex
353 906 500 950 Neapolis
526 907 640 947 existit,
658 907 687 940 in
707 908 800 940 variis
818 907 884 940 eius
902 918 1013 950 urgen-

275 959 402 992 tissimis
426 960 665 993 necessitatibus
692 960 888 999 inservirent,
906 961 1011 1003 gabel-

273 1013 332 1045 lam
358 1013 453 1046 trium
479 1014 699 1047 carolenorum
725 1024 782 1057 pro
807 1014 948 1057 quolibet
971 1019 1014 1048 tu-

273 1066 360 1099 mulo
385 1066 502 1099 sai-inae
539 1067 687 1112 frumenti
720 1071 748 1100 et
781 1067 922 1110 germani
951 1067 1013 1100 ad⁸

272 1118 421 1152 tredecim
447 1129 544 1162 grana
558 1120 588 1152 in
608 1119 739 1152 diversis
761 1120 878 1153 vicibus
897 1126 925 1153 et,
940 1126 1012 1153 tem-

270 1172 400 1216 poribus
413 1178 573 1213 auxerant,
591 1177 619 1206 et
637 1179 840 1216 augmentum
861 1174 1010 1207 tredecim

271 1235 442 1268 granorum
453 1237 511 1270 pro
525 1228 646 1260 tumulo
661 1227 840 1260 huiusmodi
857 1227 886 1260 in
901 1228 1009 1261 eadem

270 1278 394 1312 civitate
418 1280 640 1324 Neapolitana,
671 1280 799 1324 eiusque
829 1281 1009 1323 suburbiis,

270 1331 413 1366 distuictu
430 1338 460 1366 et
475 1333 639 1373 casalibus,
664 1334 832 1367 accedente
852 1337 959 1367 nostra
981 1342 1010 1368 et

271 1385 466 1429 Apostolicae
491 1386 578 1419 Sedis
592 1386 726 1428 licentia,
746 1387 838 1419 ctiam
856 1398 872 1419 a
889 1388 1009 1421 dilectis

271 1438 342 1472 filiis
366 1440 451 1473 clero
475 1445 505 1472 et.
530 1441 674 1484 personis
697 1441 917 1474 ecclesiasticis
935 1442 1009 1475 civi-

271 1492 351 1534 tatis,
364 1492 602 1534 suburbiorum,
627 1504 662 1526 ac
687 1493 848 1527 districtus
868 1500 897 1528 et
922 1506 1008 1528 casa-

271 1546 346 1579 lium
371 1547 604 1590 praefatorum‚
629 1547 666 1580 ad
690 1548 849 1581 evitandas
874 1549 1009 1592 fraudes,

269 1599 406 1643 exigere,
431 1600 613 1644 eisdemque
638 1601 724 1634 clero
748 1607 778 1634 et
800 1603 944 1645 personis
964 1614 1011 1636 ee-

269 1652 452 1686 clesiasticis
478 1658 576 1686 ratam
603 1653 648 1687 eis
676 1654 813 1687 debitam
842 1656 1010 1690 restituere

270 1705 491 1748 intendebant,
516 1711 547 1739 et
572 1710 739 1751 propterea
764 1708 890 1741 eosdem
917 1719 1006 1742 com-

270 1759 454 1793 munitatem
480 1765 510 1793 et
534 1760 678 1794 homines
699 1760 736 1793 ad
755 1761 891 1805 aliquam
916 1773 1011 1806 super

271 1812 329 1845 lioe
354 1813 595 1846 transactionem
621 1824 692 1847 cum
718 1814 803 1848 clero
820 1818 850 1848 et
866 1816 1010 1859 personis

269 1865 488 1899 ecclesiasticis
500 1866 647 1900 devenire
662 1877 789 1900 neeesse
803 1869 882 1912 erat)
894 1869 1010 1903 dilecto

270 1918 334 1951 tilio
359 1924 467 1952 nostro
484 1924 512 1952 et
534 1920 731 1963 Apostolicae
747 1920 835 1954 Sedis
860 1921 889 1954 in
912 1932 1010 1966 regno

270 1973 414 2017 Neapolis
439 1974 646 2008 commoranti
673 1975 788 2008 nuncio
809 1986 864 2019 per
889 1980 1011 2010 nostras

270 2027 299 2058 in
325 2026 418 2059 simili
443 2027 544 2060 forma
571 2028 676 2061 Brevis
702 2028 864 2073 expeditas
891 2029 1010 2063 litteras

269 2080 508 2122 commisimus⁴,
522 2085 553 2115 ut
567 2092 662 2126 super
675 2087 846 2125 augmento
861 2083 1009 2116 tredecim

270 2143 441 2175 granorum
459 2145 518 2178 pro
532 2135 671 2178 quolibet
689 2136 810 2169 tumulo
830 2136 1009 2171 huiusmodi

270 2192 303 2219 ut
335 2187 511 2232 praefertur
541 2189 637 2230 facto,
670 2189 817 2234 illiusque
849 2191 1009 2225 exactione

270 2241 300 2273 in
325 2240 387 2273 vim
412 2241 555 2274 licentiae
579 2252 597 2275 a
621 2242 705 2275 dicto
725 2243 840 2276 nuncio
859 2244 919 2277 illis
939 2255 1010 2277 con-

269 2293 424 2326 cedendae
449 2294 600 2335 facienda,
625 2305 696 2328 cum
723 2295 840 2329 eisdem
867 2307 1009 2330 commu-

269 2346 364 2379 nitate
389 2352 415 2380 et
440 2347 620 2380 hominibus
645 2348 763 2382 ratione
790 2354 873 2382 ratae
891 2349 1008 2384 dictum

269 2401 388 2433 clerum
403 2405 433 2432 ct
447 2411 597 2445 personas
613 2402 838 2436 ecclesiasticas
855 2404 1009 2447 tangentis

307 2492 316 2518 1
336 2490 372 2518 Ex
390 2490 495 2524 aegest.
513 2491 538 2517 in
552 2490 653 2518 Secret.
673 2491 748 2518 Brev.

304 2536 321 2562 2
336 2535 458 2562 Similem
475 2534 567 2563 const.
584 2535 644 2562 vide
663 2544 746 2572 supra
762 2545 822 2572 pag.
840 2537 890 2564 42⁵3
905 2543 942 2571 (u.
959 2540 1006 2572 τ.).

304 2580 321 2607 3
336 2581 484 2616 Perperam
500 2580 541 2607 ed.
560 2580 637 2607 Maia.
654 2580 728 2616 legit,
745 2584 770 2608 et
787 2589 834 2616 pro
849 2582 887 2608 ad
903 2589 942 2613 (n.
959 2583 1007 2617 τ.).

304 2626 318 2652 ό
336 2624 454 2652 Verbum
466 2625 664 2652 commisimus
682 2629 788 2661 praeter
800 2634 855 2653 rem
867 2630 907 2652 est
920 2627 955 2661 (a.
967 2627 1003 2660 τ).

355 2679 433 2706 Ball.
455 2680 536 2706 llam.
562 2695 589 2698 υ
615 2680 667 2705 l'ol.
685 2680 758 2706 ΑΠ’.
906 2680 939 2706 71)

1050 220 1106 244 vul
1130 221 1178 244 rr.
1699 210 1758 243 601
1809 219 1856 246 An.
1874 219 1900 245 C.
1924 219 1988 247 1637

1049 269 1176 302 nomine
1204 267 1278 301 cleri
1297 272 1327 300 ct
1343 277 1550 312 personarum
1571 267 1791 300 eeclesiastica-

1050 332 1119 354 rum
1145 320 1325 354 huiusmodi
1347 321 1521 364 transigere
1538 325 1568 353 et
1596 319 1789 353 concordare

1049 385 1083 407 ae
1107 384 1322 418 quascumque
1344 374 1516 418 scripturas
1533 373 1669 417 desuper
1684 384 1789 406 neces-

1049 427 1146 460 sarias
1172 433 1199 459 et
1225 433 1419 471 opportunas
1436 428 1547 460 confici
1566 428 1667 460 facere
1690 427 1789 460 libere

1049 486 1079 513 et
1094 480 1177 513 licite
1194 481 1311 524 possint
1331 484 1359 514 et
1376 481 1495 513 valeant
1508 481 1525 520 ¹,
1546 481 1717 524 apostolica
1734 491 1788 514 au-

1049 533 1192 566 ctoritate
1207 534 1382 566 facultatem
1399 534 1612 566 concessimus
1633 538 1661 568 et
1680 534 1789 578 imper·

1051 586 1094 618 titi
1120 596 1247 627 sumus,
1281 590 1311 618 et
1343 586 1417 618 alias
1443 592 1534 630 prout
1563 587 1592 619 iu
1619 587 1790 631 praedietis

1048 639 1117 671 aliis
1141 639 1257 672 nostris
1283 639 1312 671 in
1338 639 1448 671 cadem
1475 641 1574 673 l'orma
1602 640 1707 673 Brevis
1728 651 1787 673 ex-

1049 692 1160 737 peditis
1185 693 1306 732 litteris,
1331 703 1463 736 quarum
1491 699 1615 727 tenores
1641 704 1790 738 praesen-

1049 746 1132 779 tibus
1156 758 1213 790 pro
1238 748 1392 790 expressis
1419 748 1525 780 baberi
1546 749 1700 788 volumus,
1718 748 1790 781 ube-

1049 800 1114 832 rius
1135 800 1322 832 continetur.

1092 853 1231 896 {Q.Nos,
1247 852 1395 885 fabrica&
1408 854 1786 898 Principisapostolorum
1855 866 1915 887 Nune
1933 872 1989 887 sum-

1047 905 1085 938 de
1110 906 1191 939 Urbe
1217 906 1277 938 iam
1303 906 1355 938 diu
1380 912 1511 949 coeptae
1537 908 1787 949 extructionem,
1803 893 1988 945 ἑῗιῗᾞηῗῗὲιῗῗζὲ

1047 969 1125 1002 quae
1141 959 1246 991 multis
1260 959 1408 991 subsidiis
1427 960 1466 991 ob
1484 960 1626 1002 ingentes
1644 958 1788 1004 sumptus
1817 946 1988 993 iiliiiensgbir'ffii?

1048 1011 1176 1054 indiget,
1195 1012 1362 1055 aliquando
1380 1013 1594 1045 consummari
1613 1014 1785 1057 cupientes,
1803 1005 1877 1020 ‘mm'

1046 1065 1324 1109 praedeeessorum
1351 1071 1542 1107 nostrorum,
1561 1066 1613 1109 qui
1633 1071 1715 1099 ratas
1733 1078 1786 1109 ga-

1047 1119 1212 1159 hellarum,
1237 1129 1316 1162 quae
1341 1119 1379 1151 ab
1404 1119 1520 1152 eisdem
1547 1120 1632 1153 clero
1659 1125 1687 1152 et
1713 1130 1787 1164 per-

1045 1173 1130 1205 sonis
1161 1172 1349 1213 exiguntur,
1386 1178 1413 1205 et
1449 1173 1557 1206 iisdem
1591 1173 1786 1213 redduntur,

1046 1226 1139 1258 variis
1163 1226 1362 1270 Apostolicae
1386 1226 1474 1260 Sedis
1500 1226 1702 1259 sublevandis
1726 1238 1782 1260 ne·

1045 1279 1241 1312 cessitatibus
1262 1279 1488 1321 attribuerunt,
1516 1281 1654 1323 vestigiis
1679 1281 1786 1314 inbae-

1046 1338 1158 1372 rentes‚
1185 1338 1269 1366 motu
1289 1333 1429 1377 proprio,
1443 1344 1478 1365 ac
1496 1343 1530 1366 ex
1550 1335 1634 1366 certa
1656 1334 1784 1368 seientia

1044 1396 1079 1418 ac
1105 1388 1227 1418 matura
1259 1386 1485 1419 deliberatione
1516 1386 1653 1427 nostris,
1686 1386 1787 1430 deque

1043 1440 1233 1483 apostolicae
1259 1440 1421 1483 potestatis
1446 1440 1649 1484 plenitudine,
1675 1451 1786 1474 omnes

1044 1499 1073 1526 et
1087 1504 1300 1537 quascumque
1318 1493 1524 1537 pecuniarum
1542 1504 1691 1533 summas,
1706 1504 1787 1537 quae

1044 1557 1080 1579 ex
1107 1548 1171 1579 rata
1198 1547 1356 1589 augmenti
1383 1547 1525 1588 gabellae
1550 1547 1644 1579 trium
1667 1547 1788 1580 carole-

1043 1610 1156 1633 norum
1183 1611 1242 1644 pro
1272 1600 1394 1633 tumulo
1419 1600 1558 1640 farinae,
1584 1600 1731 1632 frumenti
1758 1604 1787 1632 et

1044 1653 1185 1696 germani
1207 1653 1245 1686 ad
1271 1653 1420 1686 tredecim
1446 1664 1542 1696 grana
1573 1653 1611 1686 ab
1641 1653 1787 1686 ecclesia-

1044 1705 1129 1740 sticis
1168 1705 1312 1749 personis
1349 1706 1546 1739 secularibus
1582 1711 1611 1739 et
1651 1706 1788 1739 cuiusvis

1044 1761 1168 1795 Ordinis
1193 1762 1394 1804 quantumvis
1425 1761 1560 1805 exempti
1588 1761 1788 1804 regularibus

1045 1814 1074 1846 in
1100 1814 1162 1846 vim
1189 1815 1364 1847 litterarum
1391 1820 1571 1848 nostrarum
1606 1814 1787 1848 huiusmodi

1045 1868 1210 1910 exigentur
1235 1871 1263 1901 et
1289 1868 1332 1900 eis
1358 1867 1544 1909 reddentur,
1572 1878 1626 1900 seu
1651 1867 1732 1911 exigi
1759 1873 1786 1900 et

1045 1921 1132 1953 reddi
1169 1921 1328 1954 debebunt
1366 1922 1522 1965 (quarum
1558 1921 1786 1965 quantitatem,

1045 1980 1297 2018 quantacumque
1315 1974 1363 2015 sit,
1382 1975 1601 2018 praesentibus
1619 1975 1712 2007 etiam
1731 1986 1787 2018 pro

1045 2027 1237 2059 sufficienter
1273 2029 1423 2071 expressa
1457 2027 1564 2060 baberi
1599 2028 1786 2071 volumus),

1045 2081 1202 2124 praelatae
1221 2080 1355 2113 fabricae
1380 2085 1489 2114 tenore
1507 2081 1719 2125 praesentium
1738 2092 1788 2126 ap-

1045 2135 1210 2178 plicamus,
1237 2146 1270 2168 ae
1290 2135 1495 2178 pecuniarum
1515 2146 1654 2168 summas
1681 2136 1787 2169 huius-

1046 2189 1128 2221 modi
1147 2188 1184 2221 ad
1207 2199 1297 2221 usum
1315 2189 1415 2222 (lictae
1441 2188 1577 2222 fabricae
1597 2189 1689 2233 exigi,
1707 2195 1736 2223 et
1756 2190 1784 2222 in

1044 2253 1115 2275 eum
1137 2242 1276 2275 converti
1304 2242 1456 2275 volumus.

1088 2296 1102 2339 ξ,
1122 2294 1151 2328 3.
1178 2295 1329 2334 Quocirca
1345 2295 1445 2328 eidem
1460 2296 1575 2329 nuncio
1594 2300 1712 2329 tantum
1728 2307 1784 2340 per
1799 2303 1985 2351 mintfffiuzascgg

1044 2354 1223 2393 praesentes
1248 2348 1473 2381 committimus
1488 2354 1518 2382 et
1531 2349 1726 2390 mandamus,
1753 2353 1783 2383 ut
1799 2356 1984 2403 gqfflnias'rz‘ffi

1043 2402 1217 2446 praedictas
1242 2402 1449 2446 pecuniarum
1476 2413 1614 2435 summas
1647 2413 1681 2435 ex
1717 2405 1783 2436 rate¹
1799 2409 1863 2457 3ιίιί
1882 2389 1984 2436 disputan·

1044 2456 1203 2499 augmenti
1218 2456 1357 2499 gabellae
1376 2455 1469 2488 trium
1489 2457 1708 2489 carolenorum
1726 2467 1784 2501 pro
1834 2452 1838 2456 ”

1044 2510 1165 2542 tumulo
1191 2509 1318 2549 farinae,
1345 2509 1492 2542 frumenti
1521 2514 1549 2541 et
1579 2509 1721 2553 germani
1746 2510 1784 2541 ad

1079 2582 1089 2607 1
1111 2580 1267 2613 tegendum
1281 2580 1371 2615 possit
1387 2583 1414 2607 el
1431 2581 1523 2607 valcat
1537 2582 1574 2614 (n.
1592 2581 1643 2615 τ.).

1079 2626 1096 2652 <2
1112 2625 1184 2652 Mile
1201 2634 1231 2651 ex
1248 2625 1297 2652 lec.
1316 2625 1409 2661 pai-all.
1429 2626 1564 2654 basilicae
1580 2626 1620 2659 (n.
1636 2627 1684 2658 τ.).
