2248 3229
76 225 125 252 An.
141 223 170 252 C.
193 224 262 252 163⁵,

103 285 134 308 De
151 286 259 307 serminio.

128 554 157 574 De
171 552 261 573 schedu-

77 581 110 601 lao
146 580 261 604 couniti-*a-

77 607 133 627 tione
148 609 168 627 et
183 606 258 631 sigillo.

100 1458 200 1479 formula
210 1458 265 1478 iura-

80 1486 152 1506 menti.

108 1565 138 1585 Do
154 1565 265 1594 iuramenti

81 1594 216 1612 necessitate.

118 1779 146 1799 De
163 1779 267 1804 positione

84 1805 233 1827 schedularum
247 1805 267 1825 iu

85 1837 164 1853 urnam.

124 1993 154 2014 De
170 1998 269 2014 numera-

87 2020 142 2041 tione
158 2020 269 2041 schedula-

87 2053 138 2068 rum.

892 226 993 250 L'RBAN
999 227 1034 250 US
1057 227 1114 251 vul
1138 228 1186 251 1³1³.

320 271 367 305 Ad
385 281 500 305 novum
514 273 699 305 scrutinium
717 273 808 306 toties
825 273 1018 315 deveniatur,

276 323 376 357 donec
397 328 460 356 tres
479 323 651 368 supradicti
676 324 755 357 votis
775 325 839 358 sire
861 325 1018 368 suffragiis

277 376 504 411 sufficientibus
530 377 613 410 iuxta
633 377 818 411 carumdem
842 378 1016 411 litterarum

276 430 523 473 apostolicarum
549 431 682 463 sormam
707 437 737 464 et
763 437 903 465 tenorem
928 432 1017 466 electi

276 483 346 516 sint.

321 537 457 575 Quilibet
480 547 552 570 vero
576 537 759 580 eligentium
779 538 960 571 huiusmodi
980 539 1017 571 ad

278 599 416 622 mensam
439 590 629 632 praedictam
651 590 818 632 accedens,
840 591 1018 624 nominibus

277 653 333 675 seu
357 643 598 685 cognominibus
629 648 681 677 aut
711 644 1018 677 denominationibus

277 695 445 738 praedictis
466 696 496 728 in
517 698 572 729 sua
590 696 739 729 schedula
757 703 788 730 ut
806 697 1018 741 praemittitur

277 749 474 792 conscriptis,
488 749 593 792 primo
609 749 692 782 illam
710 750 741 782 in
759 750 914 794 superiori
930 755 1019 794 parte

278 802 488 846 complicabit⁷
511 807 541 835 et
561 803 723 836 communi
741 814 814 836 suae
835 804 959 846 linguae
982 804 1019 836 si-

278 855 363 898 gillo,
383 855 412 888 in
433 856 543 888 eadem
569 859 674 889 mensa
701 856 739 889 ad
764 857 847 889 hunc
872 857 1018 890 ellectum

278 909 507 953 praeparando,
532 909 574 942 ita
599 910 732 951 claudat,
750 916 784 943 ut
803 910 946 953 eligentis
967 921 1020 943 no-

278 973 350 995 men
376 973 537 1006 nunquam
559 963 655 996 rideri
676 964 784 1007 possit,
801 974 859 996 uec
874 964 939 996 ullo
955 975 1020 997 um—

280 1028 374 1060 quam
401 1023 543 1061 tempore
568 1017 764 1061 publicetur:
786 1017 923 1051 secundo
940 1028 1021 1051 eam-

279 1070 350 1103 dem
372 1070 553 1103 schedulam
575 1070 615 1103 ita
637 1075 732 1103 totam
753 1071 966 1114 complicabh,
987 1077 1019 1104 ut

280 1129 352 1156 tune
372 1123 524 1167 temporis
536 1133 553 1156 a
570 1123 694 1156 nemine
711 1124 773 1167 legi
790 1125 905 1157 valeat:
929 1125 1020 1158 tertio

279 1176 461 1210 schedulam
488 1176 588 1220 ipsam
614 1177 657 1209 sic
686 1177 906 1221 complicatam
929 1184 959 1210 et
983 1179 1021 1211 si-

279 1230 354 1274 gillo
379 1230 516 1263 clausam
545 1230 677 1263 summis
708 1230 813 1274 digitis
845 1231 968 1264 clevans
993 1236 1021 1266 et

279 1284 556 1317 circumstantibus
580 1285 684 1328 palam
702 1290 729 1317 ct
747 1285 883 1328 publice,
904 1286 942 1317 ad
962 1286 1022 1320 hoc

281 1345 313 1372 ut
329 1340 455 1372 unicam
481 1349 550 1372 esse
567 1339 713 1373 omnibus
730 1344 844 1383 pateat,
863 1350 1023 1374 common-

280 1396 401 1436 strans,
427 1394 488 1426 alta
521 1398 549 1425 ct
584 1393 771 1436 intelligibili
802 1404 876 1427 voce
909 1394 1023 1428 iurabit

280 1447 365 1480 iuxta
389 1452 571 1490 sequentem
601 1447 749 1480 sormam:
773 1447 840 1491 1390
865 1448 906 1482 N.
935 1449 1019 1490 iuro,

281 1511 330 1533 me
347 1500 464 1544 elz'qerc
481 1500 591 1541 illum,
612 1510 708 1543 quem
725 1500 902 1534 scammum
918 1501 1023 1534 Deum

281 1553 468 1598 eliqemlttm
484 1552 610 1586 iudico:
626 1553 710 1596 quod
728 1553 856 1597 quidem
870 1554 1024 1587 iuramen-

282 1612 348 1640 tum
373 1606 405 1638 in
429 1606 575 1639 omnibus
600 1606 668 1638 aliis
688 1606 895 1640 electionibus
911 1608 943 1640 in
961 1608 1022 1641 vim

281 1661 458 1694 litterarum
487 1661 728 1704 apostolicarum
761 1660 941 1695 huiusmodi
973 1663 1024 1695 t'a—

283 1713 401 1748 ciendis
424 1715 577 1758 praestari
603 1719 633 1747 ct
655 1714 802 1748 renovari
827 1714 962 1748 debebit.

327 1768 479 1802 Praestito
502 1768 683 1802 huiusmodi
708 1768 902 1810 iuramento,
928 1769 1020 1803 sche-

284 1821 388 1854 dulam
413 1821 606 1865 praedictam
631 1821 663 1854 in
687 1831 811 1863 urnam,
832 1832 888 1855 seu
909 1833 960 1856 vas
985 1823 1024 1856 ad

284 1875 368 1909 hunc
392 1874 536 1909 effectum
562 1875 595 1908 in
619 1876 729 1909 mensa
753 1876 940 1920 appositum,
965 1877 1024 1910 im-

284 1929 394 1963 mittat.

328 1983 395 2023 Quo
426 1982 528 2023 sacto,
557 1988 619 2016 tres
650 1982 763 2016 fratres
794 1983 908 2018 milites
940 1983 1023 2017 anti-

285 2037 411 2082 quiores
426 2064 434 2078 ,
459 2042 487 2070 et
514 2037 613 2080 magis
637 2037 773 2079 antiani,
802 2038 889 2071 nulla
921 2038 1027 2071 habita

285 2090 550 2135 praeeminentiae
571 2091 833 2132 consideratione,
851 2091 932 2124 ultra
949 2091 1026 2125 alios

286 2150 373 2178 actus
388 2173 395 2187 ,
420 2144 480 2178 sibi
505 2145 550 2178 uti
578 2144 767 2178 scrutatori¹
792 2141 1025 2189 competentes,

287 2199 390 2242 palam
411 2204 440 2232 et
459 2199 593 2243 publice,
612 2199 757 2232 omuibus
778 2199 964 2242 eligentibus
983 2199 1025 2232 ri-

288 2253 432 2286 dentibus
457 2258 486 2286 et
509 2253 716 2294 audientibus,
733 2253 898 2287 schedulas
923 2252 954 2285 in
978 2264 1028 2286 ur-

287 2317 360 2340 nam
386 2316 441 2339 seu
465 2316 517 2339 vas
543 2306 698 2340 immissas
722 2311 903 2347 munerent;
921 2311 951 2339 et
975 2306 1026 2339 ubi

286 2360 451 2405 pauciores
481 2370 537 2393 seu
569 2361 675 2404 plures
700 2360 867 2394 schedulae
894 2371 1027 2394 numero

288 2415 471 2458 eligentium
496 2419 639 2458 repertae
659 2415 792 2458 suerint,
813 2415 897 2448 illico
923 2420 952 2448 et
976 2426 1029 2459 pu-

287 2468 369 2502 blice
394 2468 642 2508 comburantur,
668 2474 698 2502 et
721 2469 813 2502 toties
842 2468 1028 2502 scrutinium

288 2527 475 2563 renovetur,
499 2522 599 2556 donec
629 2522 850 2556 schedularum
878 2533 1029 2557 numerus

322 2621 336 2648 1
354 2620 497 2648 Videretur
511 2620 655 2656 legendum
672 2621 1027 2657 ueiscrutatoribus(a.r.).

353 2693 431 2722 Bucc.
452 2692 536 2722 Rom.
558 2709 591 2713 ’-
615 2692 672 2724 Vol.
694 2692 771 2723 XIV.
921 2695 954 2724 57

1696 220 1762 253 449

1052 275 1235 317 eligentium
1272 285 1406 309 numero
1441 280 1652 320 coaequetur,
1685 276 1791 320 illique

1052 329 1249 372 respondeat.

1095 382 1261 426 Comperto
1293 387 1397 418 autem
1429 394 1596 417 numerum
1629 383 1792 417 schedula-

1050 442 1121 468 rum
1138 446 1246 479 parem
1264 447 1332 469 esse
1349 447 1482 470 numero
1502 437 1695 480 eligentium,
1710 448 1793 470 seru-

1052 493 1169 521 tatores
1185 489 1338 532 praedicti
1355 490 1459 531 legant
1475 489 1535 523 alta
1554 501 1628 523 voce
1645 496 1676 523 et
1694 490 1794 534 publi-

1052 545 1122 575 cent
1138 541 1301 574 schedulas
1320 542 1350 574 in
1367 548 1455 586 parte
1476 543 1578 586 sigillo
1595 554 1658 577 non
1679 544 1794 583 clausa,

1052 594 1241 638 publicando
1266 600 1436 639 propterea
1460 606 1627 639 personam
1659 608 1739 640 quae
1764 597 1794 630 in

1051 647 1096 680 eis
1120 647 1262 690 eligitur:
1288 649 1430 692 factaque
1454 649 1666 692 publicatione
1690 651 1795 683 huius-

1053 700 1149 741 modi,
1166 705 1352 743 censcantur
1376 701 1467 734 electi
1492 706 1555 735 tres
1578 702 1693 735 fratres
1719 703 1794 736 mili-

1053 760 1098 787 tes
1119 754 1270 798 praedicti
1289 766 1348 799 pro
1367 756 1506 800 qualibet
1526 755 1644 799 lingua,
1660 757 1714 800 qui
1734 767 1795 789 ma-

1053 808 1152 841 iorem
1188 809 1412 852 suffragiorum
1447 819 1616 843 numerum
1650 816 1796 853 respectu

1034 887 1036 892 .
1054 861 1184 895 minoris
1198 863 1376 903 habuerint,
1390 863 1563 897 dummodo
1577 864 1692 907 singuli
1706 874 1797 907 quar-

1054 921 1115 948 tam
1148 916 1258 949 saltem
1291 916 1516 959 suffragiorum
1549 922 1672 961 partem
1705 928 1795 950 asse-

1054 975 1199 1012 quantur.
1225 970 1312 1009 Quod
1344 971 1368 1003 si
1400 981 1514 1012 nemo,
1540 972 1604 1004 sire
1635 972 1719 1014 duo,
1744 979 1797 1005 aut.

1055 1033 1136 1056 unus
1159 1023 1321 1057 dumtaxat
1345 1035 1380 1058 ex
1405 1025 1504 1059 trihus
1529 1026 1681 1069 eligendis
1716 1027 1797 1060 hanc

1054 1082 1198 1120 quartam
1222 1077 1447 1121 suffragiorum
1472 1084 1593 1122 partem
1618 1086 1798 1124 reportave-

1055 1130 1116 1170 rit,
1140 1131 1179 1163 ad
1203 1141 1320 1165 novum
1345 1133 1532 1166 scrutinium
1556 1133 1648 1168 toties
1678 1134 1798 1178 pariter

1055 1183 1238 1217 deveniatur
1266 1185 1370 1228 quoad
1390 1186 1478 1227 alios,
1495 1188 1549 1230 qui
1566 1192 1710 1230 quartam
1726 1198 1798 1231 par—

1056 1242 1119 1269 tem
1144 1248 1206 1271 non
1230 1239 1477 1282 reportaverint,
1502 1240 1602 1273 donec
1626 1240 1721 1274 trium
1746 1251 1799 1274 nu-

1057 1301 1162 1323 merus
1195 1301 1266 1323 cum
1303 1291 1385 1325 dicta
1418 1293 1529 1325 saltem
1561 1295 1673 1336 quarta
1710 1297 1798 1337 parte

1056 1344 1263 1387 compleatur.
1282 1345 1315 1377 ln
1336 1350 1493 1385 eventum,
1512 1345 1543 1378 in
1567 1356 1662 1389 quem
1686 1346 1799 1389 aliquis

1056 1397 1241 1430 necessariis
1265 1397 1425 1430 dumtaxat
1449 1398 1528 1432 votis
1553 1398 1697 1442 eligatur,
1715 1399 1798 1432 idem

1057 1450 1175 1483 electus
1198 1451 1361 1494 propriam
1386 1451 1569 1484 schedulam
1585 1457 1743 1494 agnoscet,
1761 1452 1799 1484 ad

1057 1504 1127 1544 hoc,
1144 1509 1179 1536 ut
1198 1504 1349 1547 videatur,
1367 1515 1406 1537 an
1430 1504 1569 1538 detracta
1593 1505 1692 1548 ipsius
1709 1505 1799 1538 electi

1058 1557 1222 1599 schedula,
1243 1558 1400 1592 sufficiens
1426 1569 1485 1603 pro
1502 1558 1654 1592 electione
1671 1559 1801 1592 schedu-

1058 1612 1159 1645 larum
1184 1621 1335 1645 numerus
1358 1611 1462 1652 fuerit,
1482 1617 1512 1645 et
1531 1622 1571 1644 an
1591 1611 1706 1645 electus
1724 1611 1800 1644 sibi-

1059 1670 1122 1698 met
1146 1665 1244 1708 <quod
1268 1675 1331 1698 non
1354 1666 1469 1708 potest)
1495 1664 1682 1707 suffragium
1713 1665 1791 1697 tule-

1058 1720 1114 1753 rit:
1132 1723 1162 1752 et
1181 1723 1333 1751 renuente
1350 1718 1449 1752 electo
1465 1719 1616 1762 propriae
1633 1718 1800 1751 schedulae

1058 1772 1252 1815 agnitionem
1277 1771 1341 1805 sive
1365 1771 1658 1812 manifestationem,
1686 1771 1738 1805 ille
1763 1773 1799 1805 ea

1059 1825 1125 1860 rice
1150 1836 1209 1870 pro
1233 1835 1296 1859 non
1321 1825 1420 1858 electo
1440 1825 1602 1858 habeatur.

1103 1879 1159 1919 Qui
1184 1889 1268 1921 vero,
1294 1885 1328 1912 ut
1350 1879 1574 1923 praemittitur,
1595 1879 1714 1913 electus
1737 1879 1800 1912 fue-

1059 1932 1110 1973 rit,
1126 1943 1144 1965 a
1163 1932 1314 1975 suffragio
1332 1932 1396 1965 sive
1414 1937 1485 1966 voto
1505 1932 1633 1966 serendo
1652 1943 1712 1976 pro
1732 1932 1800 1965 aliis

1059 1985 1183 2020 duobus
1199 1991 1344 2019 arceatur
1351 1997 1358 2026 3
1376 1986 1553 2030 statimque,
1571 1990 1664 2030 atque
1684 1986 1800 2020 electus

1060 2039 1163 2081 suerit,
1188 2039 1227 2072 ab
1251 2039 1318 2082 ipsa
1342 2039 1484 2083 cappella
1508 2039 1635 2072 recedat
1652 2045 1680 2072 et
1696 2039 1734 2072 ad
1758 2040 1801 2073 lo-

1061 2103 1132 2126 cum
1157 2093 1314 2126 conclavis
1337 2097 1552 2136 opportunum
1576 2103 1609 2126 se
1633 2093 1782 2127 conserat..

1104 2146 1192 2185 Quod
1209 2146 1235 2178 si
1251 2146 1468 2179 locumtenens
1485 2147 1517 2179 in
1533 2146 1689 2180 dictorum
1704 2147 1799 2181 trium

1060 2210 1228 2233 numerum
1253 2199 1396 2243 eligatur,
1421 2200 1525 2234 statim
1550 2200 1629 2234 alius
1652 2201 1801 2235 locumte-

1060 2263 1138 2286 nens
1155 2254 1334 2298 deputetur,
1351 2263 1406 2287 seu
1426 2254 1526 2297 magis
1543 2255 1687 2289 antianus
1704 2254 1801 2299 ipsius

1062 2307 1183 2341 consilii
1203 2307 1245 2340 ibi
1262 2307 1407 2348 existens,
1424 2307 1540 2341 omissa
1556 2307 1696 2352 qualibet
1714 2318 1803 2351 prae-

1062 2361 1248 2395 eminentiae
1276 2361 1537 2403 consideratione,
1562 2362 1803 2395 locumtenentis

1063 2417 1132 2449 loco
1156 2415 1353 2459 praesideat,
1378 2421 1473 2459 prout
1502 2415 1632 2449 consilio
1657 2414 1803 2459 expedire

1062 2469 1228 2503 videbitur.

1106 2523 1182 2563 Quia
1206 2533 1281 2556 vero
1306 2523 1412 2566 lingua
1428 2522 1598 2566 Anglicana
1622 2532 1686 2556 non
1709 2522 1803 2557 habet

1063 2579 1175 2611 fratres
1199 2577 1313 2610 milites
1327 2605 1334 2619 ,
1359 2577 1581 2621 cappellanos,
1604 2587 1662 2610 nec
1690 2577 1802 2610 fratres

1064 2632 1250 2673 servientes;
1278 2631 1358 2674 ideo,
1383 2631 1482 2666 donec
1504 2630 1581 2664 illud
1605 2641 1739 2675 regnum
1763 2631 1802 2665 ad

1808 229 1857 257 Au.
1878 229 1905 257 G.
1925 230 1990 258 1634

1853 397 1881 417 lle
1898 397 1991 423 publica-

1808 426 1863 444 tione
1878 424 1992 443 schedula-

1809 457 1852 470 ιιιιιι
1870 453 1889 469 et
1906 450 1992 470 electiu-

1808 483 1834 498 ne
1843 483 1887 497 xxiv
1895 477 1991 498 militum·

1841 1891 1870 1911 1³2²
1886 1890 1953 1911 electo
1969 1890 1996 1910 ad

1815 1917 1915 1938 conclave
1976 1923 1998 1937 se

1815 1943 1967 1966 transferendo.

1841 2158 1871 2178 De
1884 2156 1999 2181 subrogau-

1815 2184 1842 2204 110
1857 2184 1876 2204 iu
1891 2188 1942 2204 casu
1958 2183 2000 2203 ele-

1815 2210 1890 2231 ctionis
1899 2210 2000 2230 locumte-

1815 2238 1891 2258 uentis.

1844 2530 1874 2551 De
1887 2530 2001 2556 subrogan-

1817 2556 1849 2578 di<
1872 2563 1909 2584 pro
1933 2557 2002 2583 Augu—

1818 2589 1870 2606 cana
1884 2584 1962 2610 lingua.
