2221 3224
206 233 385 281 2311.c.1630
432 224 494 259 136

218 777 329 801 ber-autin
339 783 384 797 cnu-

203 806 320 824 lrai‘turmn.

232 1684 324 1704 lntcrina
341 1689 389 1709 pro-

207 1716 266 1731 tlSlO.

400 283 502 316 sectus
528 283 633 316 sortiri
654 287 683 316 et
699 283 850 323 obtinere,
868 287 898 315 et
921 281 959 314 ab
984 281 1140 322 omnibus,

402 337 440 369 ad
465 348 542 381 quos
567 342 702 380 spectat,
736 335 956 368 inviolabiliter
979 334 1140 368 observari

400 390 535 429 debere,
561 390 667 433 sicque
696 399 752 432 per
782 399 998 431 quoscumque
1022 388 1140 422 iudices

401 444 576 477 ordinarios
606 448 635 475 et
659 443 818 485 delegatos
848 442 941 474 etiam
974 452 1139 475 causarum

400 498 503 541 palatii
528 495 690 540 apostolici
708 495 875 536 auditores,
894 495 1024 528 iudicari
1045 501 1075 528 et
1092 496 1141 528 de-

400 551 483 583 finiri
509 550 634 590 debere,
655 560 690 582 ac
715 549 839 581 irritum
858 553 887 581 et
905 548 1006 589 inane,
1023 549 1048 581 si
1065 549 1140 592 quid

401 614 489 636 secus
515 613 609 646 super
633 602 681 635 his
705 613 722 634 a
753 612 927 645 quoquam,
953 602 1060 645 quavis
1085 612 1140 634 au-

401 656 554 696 ctoritate,
576 655 711 688 scienter
735 655 782 687 vel
807 655 1003 697 ignoranter,
1035 655 1137 688 conti-

401 710 482 753 gerit
506 709 659 742 attentari.

445 764 460 807 §
485 763 514 795 4.
539 764 607 796 Non
639 762 835 795 obstantibus
864 761 1141 795 constitutionibus

402 822 431 850 et
456 817 706 850 ordinationibus
731 816 922 860 apostolicis,
947 826 1068 849 necnon
1089 815 1142 849 Or-

402 871 521 911 dinum,
539 870 797 914 Congregationis
819 875 849 902 et
866 869 1028 903 Societatis
1051 880 1141 913 prae-

401 925 568 967 dictorum,
590 935 625 958 ac
649 924 717 957 aliis
742 924 914 968 quibusviS,
940 923 1033 956 etiam
1057 923 1141 956 iura-

402 983 517 1019 mento,
530 977 767 1011 confirmatione
780 976 962 1020 apostolica,
973 976 1020 1009 vel
1033 976 1142 1019 quavis

403 1032 550 1064 firmitate
567 1031 627 1064 alia
644 1031 810 1071 roboratis,
828 1030 951 1063 statutis
969 1034 998 1062 et
1016 1039 1143 1062 consue-

402 1085 582 1125 tudinibus,
608 1084 780 1128 privilegiis
805 1093 940 1127 quoque,
961 1082 1088 1115 indultis
1113 1088 1143 1115 et

403 1138 513 1172 litteris
546 1137 724 1182 apostolicis
760 1137 792 1169 in
823 1136 1016 1169 contrarium
1052 1146 1142 1179 prae-

403 1192 570 1225 missorum
588 1190 823 1234 quomodolibet
843 1190 1008 1230 concessis,
1027 1190 1142 1222 contir-

403 1245 494 1277 matis
518 1250 548 1277 et
572 1244 745 1281 innovatis,
779 1242 893 1285 quibus
924 1242 1073 1275 omnibus
1114 1248 1143 1275 et

402 1298 549 1341 singulis,
569 1297 694 1329 illorum
711 1301 835 1328 tenores
851 1295 1069 1338 praesentibus
1085 1306 1143 1338 pro

402 1352 492 1396 plene
518 1356 547 1383 et
571 1350 761 1383 sufficienter
786 1348 940 1392 expressis
965 1353 994 1380 et
1018 1348 1143 1381 insertis

403 1405 563 1444 habentes,
589 1403 648 1436 illis
677 1403 751 1435 alias
782 1401 812 1434 in
842 1412 898 1434 suo
926 1402 1043 1434 robore
1072 1411 1144 1444 per-

404 1458 568 1499 mansuris,
587 1457 624 1490 ad
642 1456 891 1501 praemissorum
912 1455 1068 1494 effectum,
1086 1454 1144 1487 hac

403 1512 469 1545 vice
487 1512 648 1544 dumtaxat
673 1509 851 1554 specialiter
875 1514 904 1542 et
929 1519 1075 1552 expresse
1096 1508 1145 1541 de-

404 1576 571 1609 rogamus,
602 1563 779 1607 ceterisque
815 1562 980 1596 contrariis
1015 1561 1144 1606 quibus—

405 1629 549 1662 cumque.

450 1672 465 1715 ἓ
489 1672 518 1705 5.
544 1672 695 1704 Volumus
712 1674 815 1703 autem
842 1669 926 1713 quod
951 1668 1146 1703 administra-

406 1727 458 1766 tio,
476 1720 685 1768 regularibus,
703 1729 737 1756 ut
757 1724 944 1767 praefertur,
966 1723 1144 1762 commissa,

405 1779 443 1812 ad
468 1779 653 1812 decennium
678 1777 856 1821 proximum
888 1780 1007 1809 tantum
1033 1775 1144 1816 duret,

406 1833 447 1865 ita
464 1838 507 1873 ut,
529 1832 553 1864 si
579 1831 707 1864 interim
729 1830 889 1872 contingat
912 1829 994 1862 bona
1020 1840 1146 1873 recupe-

406 1886 478 1927 rari,
499 1890 529 1918 et
553 1884 591 1917 de
615 1884 686 1917 dote
711 1887 917 1926 competente,
942 1882 1072 1925 aliisque
1096 1893 1146 1914 ne-

407 1938 561 1979 cessariis,
575 1937 714 1970 ecclesiis
732 1936 964 1980 11›a1·otliialibus
978 1935 1145 1979 praedictis

407 1990 580 2036 provideri¹
602 2002 638 2023 ex
664 1995 737 2023 tunc
763 1989 991 2022 substituantur
1016 1988 1145 2032 parochi

408 2045 574 2084 seculares,
593 2044 677 2076 iuxta
694 2044 826 2076 sormam
847 2053 903 2085 per
928 2042 1045 2074 dictum
1064 2042 1146 2074 Hen-

408 2099 508 2132 ricum
529 2098 723 2141 episcopum⁷
743 2102 776 2129 ut
801 2106 907 2140 supra,
925 2096 1109 2128 ordinatam.

452 2152 562 2184 Datum
588 2151 714 2190 Romae,
740 2149 823 2193 apud
848 2150 876 2182 S.
904 2149 1031 2181 Mariam
1057 2149 1148 2182 Maio-

409 2216 487 2245 rem,
504 2205 563 2237 sul)
595 2204 709 2236 annulo
738 2203 914 2243 Piscatoris,
934 2203 983 2235 die
1007 2213 1049 2235 xv
1074 2203 1146 2235 maii

409 2269 544 2300 mccxxx,
570 2258 768 2301 pontificatus
792 2257 891 2289 nostri
916 2267 997 2289 anno
1024 2267 1075 2289 vu.

444 2321 502 2348 Dat.
519 2321 562 2348 die
577 2321 611 2348 v15
628 2320 692 2347 maii
710 2319 792 2354 1630,
814 2319 909 2354 pontif.
927 2327 998 2347 anno
1016 2325 1061 2346 v11.

710 2453 850 2487 CCCLXI.

411 2526 599 2560 Nonnullae
615 2525 785 2570 facultates
806 2523 1024 2557 conceduntur
1044 2523 1150 2557 cardi-

453 2580 525 2612 nali
542 2580 721 2612 Raram-ino
741 2579 883 2622 Aaniae
896 2582 924 2610 et
940 2577 1064 2611 Scotiae
1077 2587 1149 2621 pro-

447 2644 457 2669 l
475 2642 575 2669 Vocem
589 2641 739 2678 provideri
753 2649 803 2669 nos
818 2641 941 2669 addimus
954 2640 992 2674 (R.
1004 2641 1052 2675 T.).

972 233 1149 257 BULLARIUM
1175 233 1328 258 ROMANUM

1221 282 1330 314 lectori
1350 292 1410 325 pro
1434 292 1468 315 re
1486 282 1644 317 catholica
1664 282 1734 316 illis
1753 283 1787 316 in
1804 283 1911 327 reqm‘s

1221 335 1296 368 bene
1315 335 1581 369 administranda
1593 335 1612 368 ⁴.

1175 406 1289 435 Dilecto
1305 406 1366 434 filio
1381 409 1482 434 nostro
1499 410 1622 435 sanctae
1637 408 1771 442 Agathae
1787 408 1911 435 diacono

1211 452 1356 479 cardinali
1375 452 1534 479 Barherino
1550 455 1732 485 nuncupato,
1750 456 1852 480 nostro
1869 460 1912 479 se-

1211 496 1340 524 cundum
1360 503 1480 523 carnem
1494 503 1529 523 ex
1539 497 1634 524 fratre
1646 504 1784 531 germano
1799 497 1910 531 nepoti,

1378 546 1516 573 Urbanus
1537 547 1615 580 Papa
1634 547 1709 573 vlu.

1372 591 1497 631 'Dilecto
1517 604 1560 631 fili
1580 607 1700 638 noster,

1216 648 1345 675 salutem
1361 650 1392 674 et
1407 648 1602 682 apostolicam
1617 648 1864 676 benedictionem.

1219 710 1302 743 Inter
1315 710 1515 753 gravissimas
1530 710 1695 754 pastoralis
1711 716 1837 744 nostrae
1854 712 1913 744 sol-

1175 763 1344 797 licitudinis
1361 774 1462 804 curas,
1480 763 1593 807 quibus
1609 763 1733 797 assidue
1750 775 1912 807 urgemur,

1176 817 1207 850 in
1225 819 1261 850 ea
1282 817 1469 860 cogitatione
1489 816 1542 848 diu
1565 821 1722 860 noctuque
1739 827 1913 858 versamur,

1176 869 1257 914 qua²
1273 870 1389 903 scilicet
1416 870 1536 902 ratione
1560 869 1712 902 catholica
1732 869 1809 902 fides
1829 870 1860 902 in
1876 870 1913 903 iis

1177 923 1283 966 regnis
1310 928 1339 955 et
1370 922 1466 962 locis,
1491 932 1571 966 quae
1603 926 1726 956 satanae
1752 923 1914 956 fraudibus

1177 976 1306 1020 decepta
1325 976 1364 1009 ab
1386 976 1437 1008 illa
1461 975 1575 1008 misere
1595 975 1810 1010 desciverunt³
1830 976 1915 1009 resti-

1179 1031 1220 1063 tui
1246 1030 1361 1070 valeat;
1390 1029 1444 1062 sed
1469 1040 1544 1072 erga
1568 1029 1762 1062 nobilissima
1785 1030 1916 1074 Angliae

1178 1089 1207 1117 et
1227 1084 1348 1117 Scotiae
1367 1094 1466 1127 regna
1482 1095 1656 1127 eorumque
1673 1085 1818 1128 populos,
1839 1096 1915 1129 qua-

1178 1138 1249 1171 dam
1271 1138 1544 1172 commiseratione
1564 1138 1722 1178 commoti,
1741 1148 1850 1171 eorum
1872 1149 1916 1171 sa-

1177 1191 1243 1231 luti,
1264 1191 1378 1234 quibus
1395 1201 1561 1234 possumus
1575 1190 1686 1229 modis,
1701 1191 1829 1224 omnino
1843 1201 1916 1224 con-

1178 1243 1343 1276 sulendum
1372 1254 1543 1276 censemus.
1568 1244 1610 1276 De
1636 1248 1704 1276 tuae
1733 1244 1828 1287 igitur
1853 1244 1914 1277 cir-

1178 1297 1422 1341 cumspectionis
1442 1307 1517 1339 erga
1537 1297 1617 1329 dicta
1636 1307 1741 1339 regna,
1760 1298 1813 1340 qui
1834 1297 1917 1340 apud

1178 1360 1234 1382 nos
1264 1355 1295 1382 et
1324 1349 1534 1392 Apostolicam
1567 1349 1677 1382 Sedem
1714 1354 1876 1393 protector
1900 1360 1917 1382 a

1179 1402 1269 1435 nobis
1293 1402 1459 1446 deputatus
1484 1402 1600 1442 existis,
1625 1403 1757 1446 illosque
1782 1403 1916 1446 populos

1178 1455 1347 1499 praecipua
1364 1455 1524 1495 charitate,
1545 1455 1716 1497 vigilantia,
1734 1455 1917 1499 ardentique

1178 1508 1427 1542 catholicaefidei
1437 1508 1646 1541 restituendae
1657 1514 1686 1541 et
1695 1509 1918 1552 propagandae

1179 1563 1281 1596 studio
1306 1563 1475 1607 plurimam
1496 1562 1528 1594 in
1545 1562 1677 1595 Domino
1702 1562 1849 1596 fiduciam
1867 1563 1918 1595 ha-

1179 1617 1298 1656 bentes,
1315 1616 1528 1659 infrascriptas
1545 1615 1599 1648 tibi
1617 1616 1786 1657 facultates,
1804 1615 1917 1659 quibus

1180 1669 1310 1713 provide
1334 1674 1364 1702 et
1389 1669 1615 1712 circumspecte
1633 1669 1670 1701 ad
1692 1668 1917 1701 restituendam

1180 1724 1211 1756 in
1228 1723 1344 1756 eisdem
1363 1723 1469 1766 regnis
1486 1723 1671 1755 catholicam
1689 1723 1793 1765 fidem,
1812 1727 1841 1755 et
1857 1724 1918 1756 An-

1180 1777 1304 1819 glorum
1320 1781 1349 1809 et
1363 1776 1527 1809 Scotorum
1539 1776 1671 1808 salutem
1685 1775 1918 1820 procurandam

1180 1830 1223 1863 uti
1248 1830 1366 1874 possis,
1392 1830 1606 1863 concedendas
1630 1829 1785 1862 duximus.

1224 1883 1238 1926 ἓ
1266 1883 1292 1915 ’1,
1318 1883 1400 1916 Motu
1422 1883 1525 1926 itaque
1545 1882 1687 1926 proprio,
1701 1892 1764 1915 non
1777 1882 1814 1915 ad
1832 1887 1917 1915 tuam

1180 1936 1226 1968 rel
1245 1935 1372 1968 alterius
1389 1946 1447 1979 pro
1461 1940 1490 1968 te
1504 1935 1594 1968 nobis
1609 1946 1704 1979 super
1718 1936 1778 1968 hoc
1795 1935 1918 1968 oblatae

1180 1989 1337 2033 petitionis
1356 1989 1543 2030 instantiam,
1562 1988 1615 2021 sed
1629 1999 1664 2021 ex
1686 1990 1771 2021 certa
1789 1989 1919 2021 scientia

1181 2053 1216 2076 ac
1233 2044 1355 2075 matura
1373 2042 1598 2075 deliberatione
1612 2042 1737 2083 nostris,
1756 2042 1812 2074 tibi
1829 2053 1919 2085 quos-

1181 2107 1315 2140 cumque
1346 2097 1463 2139 Anglos
1488 2101 1517 2128 et
1542 2096 1649 2129 Scotos
1674 2096 1843 2129 catholicos
1868 2096 1920 2129 do-

1182 2150 1282 2183 ctrina
1300 2155 1329 2182 ct
1347 2150 1488 2182 moribus
1514 2149 1642 2182 idoneos
1667 2149 1854 2192 cuicumque
1871 2160 1920 2182 ca-

1182 2203 1297 2236 tholico
1315 2203 1442 2235 antistiti
1461 2202 1593 2245 gratiam
1614 2208 1644 2235 et
1664 2203 1918 2236 communionem

1181 2256 1379 2301 Apostolicac
1395 2256 1482 2289 Sedis
1499 2256 1623 2290 habenti
1642 2267 1699 2300 per
1717 2262 1784 2289 tuas
1801 2257 1920 2289 litteras

1182 2311 1433 2351 commendandi,
1454 2321 1490 2343 ac
1514 2311 1606 2344 etiam
1625 2311 1690 2344 sine
1713 2321 1842 2344 suorum
1863 2310 1920 2344 Or-

1183 2364 1378 2397 dinariorum
1403 2364 1513 2398 litteris
1531 2364 1727 2405 dimissoriis,
1748 2374 1783 2397 ac
1801 2364 1867 2397 sine
1886 2363 1922 2396 ti-

1183 2419 1259 2460 tulo,
1274 2418 1312 2450 ad
1325 2418 1459 2462 primam
1477 2423 1638 2451 tonsuram
1653 2428 1688 2450 ac
1705 2428 1813 2451 omnes
1828 2417 1920 2450 etiam

1184 2482 1289 2506 sacros
1313 2477 1342 2504 et
1366 2472 1600 2516 presbyteratus
1625 2472 1751 2505 ordines
1773 2481 1921 2516 praesen-

1220 2553 1229 2579 1
1254 2551 1291 2578 Ex
1312 2551 1418 2586 Regest.
1440 2552 1466 2578 in
1487 2552 1591 2578 Secret.
1613 2551 1690 2578 Brev.

1219 2596 1235 2623 2
1251 2596 1321 2622 Edit.
1338 2596 1415 2623 Μαίη.
1431 2596 1496 2631 legit
1511 2605 1584 2630 quae
1599 2597 1636 2630 (R.
1653 2597 1702 2628 Τ.).

1220 2640 1236 2668 3
1251 2639 1396 2676 perperam
1412 2641 1508 2668 eadem
1522 2640 1606 2669 habet
1620 2640 1807 2667 deseruerunt
1822 2637 1858 2674 (R.
1872 2637 1922 2674 T.).

1926 236 1976 262 An.
1994 236 2023 262 C.
2044 235 2108 263 1630

1955 722 2094 743 Prooemium.

1961 1892 2074 1914 Nonnuttas
2089 1893 2119 1914 fa-

1935 1919 2024 1940 cultates
2039 1919 2074 1940 hic
2084 1925 2119 1939 ex-

1935 1951 2019 1971 pressas
2050 1945 2118 1966 cardi-

1934 1973 1977 1992 nali
2001 1972 2117 1994 Bai-berino

1935 1999 2040 2020 concedit.
