2248 3229
108 232 158 260 Au.
175 232 206 260 C.
225 231 292 261 1637

125 983 186 1005 Prior
198 989 284 1009 [ent-r--

99 1010 124 1031 Ιιι
140 1011 224 1031 ortt-ni«
245 1016 283 1057 pru

99 1037 199 1062 regimine
219 1042 242 1056 ex·
253 1037 284 1057 le-

98 1063 127 1088 ιιί
158 1063 282 1084 Nanbertrni

98 1089 210 1110 nonu-unu
238 1090 282 1110 edit

97 1116 265 1138 constitutiones.

921 236 1063 261 rnnaa't's
1087 237 1144 261 vm
1167 237 1216 261 PP-

306 280 363 314 stri
385 280 579 325 benignitate
603 283 784 325 constituti,
815 283 896 317 inter
927 289 1046 318 ceteras

305 333 495 377 apostolicae
519 335 678 369 servitutis
703 346 795 369 curas
819 336 871 369 illa
888 347 945 370 nos
970 337 1047 380 iugi-

305 393 353 421 ter
376 388 528 422 sollicitos
552 389 657 430 habet,
682 395 716 422 ut
739 390 880 433 religiosi
900 391 970 431 viri,
988 391 1045 428 sub

303 441 470 475 strictioris
494 442 711 476 observantiae
743 443 862 486 regulis
886 443 1045 477 Altissimo

305 494 500 535 famulantes,
512 495 705 534 felicioribus
716 496 746 528 in
757 496 840 528 dies³
855 496 910 529 viis
920 497 1043 529 Domini

304 546 470 589 proficiant
479 547 690 580 incrementis.
699 548 921 591 Quamobrem,
933 550 958 582 si
972 549 1046 592 qua⁸

303 605 481 643 propterea*
497 601 576 633 sacta
600 601 695 634 fuisse
720 602 949 645 comperimus,
974 602 1043 642 illa,

303 663 367 696 quo
379 653 504 686 firmius
521 653 701 694 subsistant,
716 655 918 698 exactiusque
934 655 1043 688 obser-

303 710 423 747 ventur,
440 707 630 750 apostolicae
647 713 772 740 nostrae
796 708 1044 741 confirmationis

302 758 476 793 munimine
500 760 701 801 roboramus,
726 766 821 805 prout
845 761 883 794 ad
908 761 961 794 Dei
979 762 1044 804 glo-

301 811 403 852 riam,
428 812 614 856 felicemque
644 813 786 857 ipsorum
818 813 1041 857 religiosorum

300 868 414 899 statum
433 869 463 899 et
478 865 685 900 directionem
703 867 919 911 conspicimus
935 867 967 900 in
984 868 1042 901 Do-

300 917 386 951 mino
409 918 577 952 salubriter
601 919 760 963 expedire.

343 971 359 1014 ἓ
382 971 412 1004 1.
438 971 561 1016 Exponi
585 971 740 1015 siquidem
765 972 856 1005 nobis
879 983 983 1017 nuper
1003 974 1042 1006 se-

299 1023 485 1057 citdilectus
509 1024 594 1058 filius
617 1024 800 1058 Theodorus
816 1025 961 1068 Stratius,
983 1025 1040 1060 Or-

297 1075 380 1110 dinis
409 1076 519 1110 beatae
551 1077 666 1111 Mariae
699 1078 836 1120 Virginis
867 1078 905 1111 de
936 1079 1039 1113 Monte

296 1129 440 1163 Carmelo
463 1130 610 1174 antiquae
639 1130 858 1164 observantiae
882 1133 1039 1174 regularis

295 1182 387 1227 prior
410 1183 584 1226 generalis,
609 1184 695 1228 quod
717 1194 776 1228 pro
801 1185 883 1218 felici
908 1196 1038 1230 prospe-

295 1246 397 1281 roque
415 1236 529 1270 domus
552 1237 709 1280 regularis
731 1237 916 1271 Parisiensis
933 1244 963 1271 et
978 1240 1039 1272 eol-

295 1290 369 1333 legii
392 1290 577 1324 Naubertini
593 1291 668 1324 dicti
690 1290 815 1324 Ordinis
835 1292 990 1334 regimine
1007 1299 1035 1326 et

293 1343 451 1386 gubernio
474 1344 644 1378 nonnullae
669 1345 908 1379 constitutiones
935 1347 1037 1380 editae

294 1398 421 1430 suerunt
444 1397 564 1430 tenoris
588 1397 820 1441 subsequentis,
846 1398 1009 1432 videlicet:

338 1449 448 1482 Frater
467 1449 651 1483 Theodorus
667 1451 811 1492 Stratius,
837 1451 987 1494 magister
1007 1458 1037 1484 et

294 1503 422 1536 humilis
456 1503 547 1547 prior
578 1503 735 1546 generalis
766 1504 891 1538 Ordinis
926 1505 1035 1538 beatae

292 1555 406 1589 Mariae
429 1556 567 1599 Virginis
590 1556 629 1589 de
653 1557 756 1591 Monte
784 1558 926 1592 Carmelo
955 1559 1035 1592 anti-

290 1619 370 1652 quae
394 1608 612 1642 observantiae
637 1610 804 1653 regularis.

333 1662 377 1695 Ea
409 1667 456 1694 est
485 1661 698 1695 humanarum
731 1673 839 1696 rerum
867 1668 980 1697 natura
1004 1669 1034 1699 et

289 1714 490 1760 conditio‚·ut
503 1725 583 1758 quae
603 1715 772 1759 aliquando
791 1716 882 1749 iustis
902 1717 1033 1751 suaden-

290 1766 373 1801 tibus
397 1767 499 1801 causis
524 1773 673 1812 tanquam
697 1768 780 1802 hono
805 1769 932 1813 publico
958 1781 1032 1804 con-

290 1820 437 1854 ducentia
460 1821 588 1854 suerunt
612 1821 796 1866 approbata,
812 1828 920 1866 postea
941 1834 1032 1868 expe-

288 1873 378 1908 diens
401 1874 442 1907 sit
473 1874 543 1908 aliis
573 1884 637 1908 non
668 1875 772 1909 minus
796 1875 886 1910 iustis
910 1878 1030 1920 causis,

289 1938 397 1961 rerum
408 1932 651 1972 temporumque
665 1929 867 1973 qualitatibus
881 1931 1029 1974 pensatis,

288 1982 341 2014 illa
351 1982 498 2022 alterare,
512 1987 542 2015 et
554 1982 713 2016 interdum
727 1982 820 2016 etiam
834 1983 959 2027 penitus
976 1984 1031 2017 im-

288 2040 410 2068 mutare
424 2038 454 2068 et
466 2044 627 2068 revocare.
645 2036 733 2076 Hinc,
752 2036 824 2069 lieet
840 2037 916 2069 alias
932 2037 1030 2071 felicis

287 2087 515 2122 recordationis
528 2088 592 2122 Leo
607 2089 632 2122 X
654 2094 685 2122 et
704 2089 880 2123 Hadrianus
897 2090 933 2123 Vt
956 2102 1029 2124 con-

287 2141 505 2185 gregationem
533 2142 703 2186 quamdam
723 2143 904 2176 Alhiensem
928 2144 1028 2177 nostri

287 2195 412 2229 Ordinis
424 2195 456 2228 in
468 2205 568 2238 regno
577 2195 703 2238 Galliae,
715 2195 826 2230 domos
839 2197 1027 2239 amiensem,
1044 2226 1045 2232 ,

287 2248 549 2289 Melodunensem,
564 2248 782 2290 parisiensem,
795 2250 980 2283 Tolosanum
999 2256 1028 2284 et

287 2302 573 2344 Rothomagensem
594 2303 846 2346 amplectentem,
863 2304 1030 2337 confirma-

287 2355 398 2395 verint,
423 2355 594 2398 multisque
617 2355 792 2399 privilegiis
817 2357 1027 2400 locupletave-

287 2408 369 2449 rint,
395 2407 601 2440 nihilominus
632 2413 740 2451 postea
763 2408 935 2452 Gregorius
961 2411 1027 2443 Xlll

287 2461 407 2506 pariter
420 2461 518 2494 felicis
536 2461 776 2502 recordationis,
793 2463 910 2496 certior
930 2464 1028 2497 sactus

286 2514 372 2560 quod
395 2515 508 2548 fratres
534 2514 708 2559 privilegiis
732 2515 834 2549 dictae
858 2527 1030 2561 congrega-

323 2589 334 2614 1
353 2586 454 2614 lterum
470 2586 617 2622 repetenda
632 2594 724 2622 praep.
740 2587 773 2614 in
789 2587 826 2623 (n.
842 2588 890 2623 τ.).

321 2632 339 2658 2
353 2630 423 2658 Edit.
439 2630 518 2658 atain,
536 2631 599 2667 legit
614 2640 689 2666 quae
702 2632 741 2663 (n.
758 2634 808 2663 τ.).

367 2685 446 2713 nult.
468 2686 551 2713 Rom.
595 2685 653 2713 Vol.
673 2685 747 2714 Xll’.

912 2686 945 2713 71!

1079 285 1172 318 tionis
1189 284 1351 318 abutentes
1369 294 1385 317 a
1402 284 1544 328 pristinis
1566 284 1715 318 institutis
1732 285 1821 318 valde

1079 338 1267 379 defecerant,
1292 344 1323 371 et
1344 338 1376 370 in
1400 348 1551 382 praeceps
1568 344 1763 381 corruerant,
1782 339 1821 372 ad

1072 391 1258 423 vinstantiam
1282 391 1409 424 ilenrici
1438 392 1477 425 ΙΙΙ
1510 392 1703 426 Francorum
1736 392 1821 436 regis

1078 444 1340 486 christianissimi,
1357 455 1414 488 per
1432 445 1687 478 constitutionem
1701 445 1818 478 editam

1077 506 1160 529 anno
1178 506 1328 530 ,vtuLxxxu
1354 497 1493 530 kalendis
1511 498 1594 540 maii,
1612 498 1727 531 dictam
1748 509 1821 532 con-

1077 550 1295 592 gregationem
1320 550 1471 591 extinxit,
1497 551 1627 595 eiusque
1652 551 1764 585 domos
1789 558 1819 585 et

1077 603 1215 636 oratoria
1237 603 1302 636 suis
1326 604 1498 646 provinciis
1514 615 1570 637 seu
1587 605 1819 649 propinquiori-

1077 654 1135 687 bus
1160 655 1285 688 Ordinis
1308 656 1472 696 retribuit;
1500 657 1629 690 domum
1659 662 1762 692 autem
1788 665 1819 692 et

1058 707 1061 734 l
1076 708 1245 751 collegium
1263 709 1437 742 Parisiense
1454 710 1512 742 sub
1533 711 1719 744 auctoritate
1735 712 1819 756 prio-

1076 760 1119 794 ris
1143 762 1300 804 generalis
1325 762 1486 805 reposuit,
1512 763 1697 807 statuitque,
1723 771 1755 797 ut
1786 766 1817 798 iu

1075 823 1112 846 eo
1137 814 1272 857 collegio
1296 815 1412 848 classes
1428 817 1663 858 grammaticae,
1680 818 1816 851 rhetori-

1075 876 1146 907 cae,
1171 867 1308 909 logicae,
1338 868 1560 912 philosophiae
1583 873 1613 903 et
1638 870 1816 914 theologiae

1074 929 1246 963 numquam
1261 920 1414 961 deessent,
1433 921 1538 965 ibique
1551 923 1707 965 regularis
1722 923 1816 957 disci-

1072 972 1158 1015 plina
1182 983 1305 1006 summe
1329 973 1562 1014 observaretur,
1580 981 1609 1008 et
1628 986 1738 1009 omnes
1755 982 1816 1010 stu-

1073 1025 1182 1058 dentes
1205 1026 1247 1058 ibi
1272 1027 1416 1070 professi,
1442 1032 1495 1060 aut
1519 1029 1703 1072 professuri,
1720 1030 1815 1063 modo

1073 1078 1105 1110 in
1129 1089 1166 1112 eo
1191 1079 1388 1120 residerent,
1414 1080 1518 1113 locum
1543 1086 1573 1113 et
1598 1091 1706 1114 vocem
1732 1083 1812 1115 acti-

1072 1141 1143 1163 vam
1160 1136 1189 1164 et
1214 1132 1371 1175 passivam
1396 1132 1559 1173 haberent,
1577 1134 1639 1166 una
1658 1144 1729 1167 cum
1751 1145 1814 1167 ma-

1071 1183 1189 1226 gistris,
1214 1184 1376 1227 graduatis
1400 1185 1501 1228 gradu
1525 1185 1635 1218 saltem
1652 1186 1813 1221 baccalau-

1072 1242 1176 1270 reatus
1204 1238 1355 1279 formatis,
1373 1239 1556 1281 regentibus
1582 1243 1613 1273 et
1638 1240 1707 1273 aliis
1735 1241 1813 1274 eius-

1053 1290 1142 1322 .dem
1167 1290 1280 1324 domus
1311 1291 1498 1325 officialibus
1522 1298 1553 1325 et
1575 1293 1812 1336 provinciarum

1052 1328 1055 1370 l
1070 1344 1186 1378 Galliae
1205 1345 1235 1377 in
1251 1356 1289 1378 eo
1306 1346 1514 1387 manentibus,
1540 1347 1748 1390 quadriennio
1765 1354 1811 1381 ta-

1070 1407 1142 1430 men
1165 1399 1316 1441 professis
1332 1404 1363 1432 et
1383 1399 1414 1431 in
1434 1399 1599 1432 ordinibus
1621 1401 1719 1434 sacris
1735 1412 1811 1435 con-

1070 1450 1202 1491 stitutis,
1224 1451 1313 1494 prior
1336 1457 1440 1485 autem
1461 1452 1558 1496 ipsius
1579 1453 1702 1496 domus,
1725 1455 1811 1488 iuxta

1050 1504 1203 1536 ‘formam
1228 1515 1246 1537 a
1269 1505 1404 1538 concilio
1428 1505 1611 1539 Tridentino
1636 1508 1811 1552 praeserip-

1069 1562 1141 1599 tam‚
1159 1557 1198 1590 ab
1219 1558 1407 1591 habentibus
1431 1559 1649 1592 auctoritatem
1675 1560 1810 1604 eligere-

1068 1613 1127 1649 tur,
1152 1615 1182 1642 et
1206 1621 1223 1642 a
1243 1614 1333 1654 patre
1353 1611 1492 1654 generali
1509 1612 1548 1644 ad
1565 1612 1662 1645 instar
1683 1614 1810 1657 provin-

1067 1662 1192 1696 cialium
1217 1664 1255 1696 ad
1282 1664 1450 1698 triennium
1472 1665 1717 1699 confirmaretur
1726 1678 1734 1707 ;
1751 1677 1808 1700 nec

1066 1716 1246 1749 huiusmodi
1272 1717 1383 1750 electio
1407 1718 1498 1750 fieret
1526 1718 1586 1751 nisi
1610 1719 1809 1762 praesidente

1065 1768 1108 1800 ibi
1132 1769 1261 1811 vicario,
1279 1775 1333 1802 aut
1357 1771 1578 1804 commissario
1595 1782 1612 1804 a
1628 1772 1736 1815 priore
1753 1783 1806 1815 ge-

1064 1823 1164 1855 nerali
1189 1823 1355 1867 deputato,
1374 1824 1447 1857 item
1465 1825 1550 1868 quod
1567 1825 1716 1859 officiales
1733 1826 1807 1860 dicti

1065 1876 1189 1919 collegii
1210 1887 1247 1910 ex
1272 1878 1467 1922 aptioribus,
1493 1879 1547 1922 qui
1582 1879 1614 1912 in
1646 1880 1808 1924 quibusvis

1063 1929 1210 1964 domibus
1230 1935 1260 1965 et
1276 1932 1353 1965 locis
1371 1932 1600 1976 cuiuscumque
1626 1933 1807 1977 provinciae

1063 1982 1182 2016 Galliae
1205 1984 1305 2017 nostri
1330 1984 1457 2018 Ordinis
1481 1985 1709 2029 reperirentur,
1734 1987 1807 2020 licet

1063 2036 1225 2070 electionis
1251 2042 1393 2081 tempore
1417 2038 1448 2070 in
1474 2038 1550 2081 ipsis
1575 2038 1670 2072 domo
1689 2044 1720 2072 et
1744 2041 1806 2073 col-

1063 2089 1146 2131 legio
1170 2100 1232 2123 non
1257 2091 1442 2133 residerent,
1461 2091 1666 2134 eligerentur,
1684 2093 1739 2136 qui
1759 2093 1804 2128 sic

1062 2142 1153 2175 electi
1178 2143 1358 2177 huiusmodi
1375 2144 1478 2177 officia
1494 2145 1525 2177 in
1546 2145 1662 2178 virtute
1678 2153 1804 2181 sanctae

1044 2234 1045 2250 χ
1061 2195 1258 2229 obedientiae
1272 2197 1478 2240 susciperent,
1491 2203 1530 2239 et,
1545 2198 1569 2230 si
1588 2199 1802 2241 reluctassent,

1044 2253 1045 2265 ³
1062 2258 1196 2292 poenam
1211 2249 1396 2293 privationis
1409 2256 1439 2283 et
1453 2250 1656 2285 inhabilitatis
1665 2253 1702 2285 ad
1713 2264 1804 2297 quae-

1043 2332 1044 2335 ,
1062 2312 1198 2345 cumque
1215 2302 1275 2335 alia
1292 2303 1395 2336 officia
1411 2309 1441 2337 et
1457 2304 1574 2347 gradus
1591 2304 1716 2339 Ordinis
1733 2318 1804 2340 con-

1042 2345 1045 2412 ξ
1061 2356 1250 2388 currerent¹.
1264 2357 1408 2390 Ceterum
1427 2357 1561 2390 decursu
1579 2359 1730 2402 temporis
1746 2361 1804 2393 sra-

1062 2414 1125 2441 tres
1157 2420 1284 2453 quoque
1316 2410 1347 2442 in
1376 2410 1460 2444 dicta
1492 2411 1588 2445 domo
1612 2418 1643 2445 et
1666 2414 1802 2457 collegio

1042 2454 1044 2462 ¹
1061 2462 1220 2505 degentes,
1234 2462 1402 2506 privilegio
1423 2463 1622 2498 immediatae
1639 2465 1803 2500 subiectio-

1042 2501 1109 2548 ⁹nis
1133 2516 1272 2559 generali
1297 2522 1327 2549 et
1349 2517 1418 2550 aliis
1443 2517 1589 2551 similiter
1613 2520 1695 2553 male
1714 2525 1801 2554 uten-

1063 2574 1118 2609 tes,
1142 2569 1180 2601 ad
1205 2569 1299 2602 vitam
1324 2569 1478 2603 laxiorem
1503 2581 1535 2604 se
1559 2577 1800 2614 converterunt,

1096 2631 1109 2657 t
1133 2630 1288 2666 Legendum
1308 2631 1489 2661 incurrerent
1510 2633 1547 2669 (u.
1561 2634 1609 2669 τ.).

1730 227 1794 262 569
1838 235 1891 264 An.
1908 235 1935 262 c.
1954 235 2020 264 ¹637
