2248 3229
99 223 148 252 An.
165 223 192 252 C.
216 222 284 252 1632

127 1353 206 1374 Causas
221 1354 285 1375 refert

101 1380 177 1406 quibus
194 1380 283 1402 ducitur,

101 1409 125 1427 ut
155 1408 284 1428 cardinalem

100 1433 199 1458 noi-giam
206 1439 245 1454 eeu
254 1440 284 1454 re-

103 1461 133 1485 gis
149 1460 247 1480 catholici
263 1466 285 1480 o-

102 1488 191 1533 merem
211 1487 286 1508 admit·

103 1515 123 1533 la

905 215 1046 241 unssANCS

297 274 328 304 et
347 277 498 313 expresse
521 266 636 301 harum
661 266 742 301 serie
766 265 965 310 derogamus,
992 275 1038 298 ce-

297 322 434 366 terisque
458 321 625 356 contrariis
650 321 911 365 quibuscumque.

339 376 452 409 Datum
472 375 600 415 Romae,
623 374 707 419 apud
735 374 764 407 S.
790 373 918 406 Mariam
943 372 1038 406 Maio-

298 440 376 471 rem,
400 428 459 462 sub
481 429 596 462 annulo
614 427 792 468 Piscatoris,
820 427 870 460 die
898 437 938 460 xv
960 426 1037 460 iunii

297 493 461 524 nncxxxu,
478 483 677 528 pontificatus
696 481 796 515 nostri
821 491 902 515 anno
919 491 962 515 lx.

333 546 390 575 Dat.
408 546 450 574 die
468 547 499 575 15
516 545 582 573 iunii
603 544 687 579 1632,
708 544 805 580 pontif.
827 552 896 572 anno
912 551 947 570 ix.

573 661 752 695 CDXXXIX.

297 734 459 774 Βεεὶαναῖ,
487 744 566 767 snae
583 734 760 767 volmztatis
772 743 837 766 esse
853 742 912 776 per
926 741 1039 776 quam-

341 798 478 832 cumque
496 788 727 821 admissionem
752 786 934 820 cardinalis
958 786 1039 818 Bor-

341 841 416 885 yiae
434 840 477 874 acl
493 840 700 874 audientiam
717 850 775 884 pro
792 839 939 883 neqociis·
954 840 1039 882 regis
1056 865 1058 904 3

342 895 495 928 catholici
502 894 663 938 yet-emtis,
684 898 712 927 et
726 903 943 937 quoscumque
956 893 1040 925 alios

342 952 433 981 actus
459 948 625 981 licentiam
654 947 837 991 praemissa
862 945 1041 989 pertinendi

343 1001 446 1035 eidem
470 1000 637 1034 cardinali
654 1000 845 1033 nullatenus
861 999 1037 1039 concedere,

342 1064 400 1087 nec
433 1064 505 1087 eum
538 1054 590 1086 uti
624 1053 709 1096 reqis
739 1056 900 1085 oratorem
927 1053 1040 1096 quovis

343 1107 435 1141 modo
459 1117 646 1151 aquosccre,
674 1110 710 1139 ut
733 1116 853 1150 poenas
870 1110 1042 1150 propterea

342 1161 491 1195 incursas
515 1160 584 1194 ullo
608 1160 702 1193 modo
727 1160 782 1192 illa·
805 1159 987 1193 condonare
1000 1158 1019 1192 ¹.
1058 1158 1061 1200 t

502 1232 639 1260 Urbanus
659 1232 738 1266 Papa
757 1232 837 1265 vm,

429 1278 466 1306 ad
487 1277 621 1305 futuram
636 1277 683 1304 rei
701 1276 883 1304 memoriam.

344 1342 359 1386 g
383 1341 413 1375 ·1.
438 1340 549 1374 Licet²
573 1339 740 1384 episcopus
764 1338 949 1372 Albanensis
973 1348 1042 1372 ear—

300 1395 413 1428 diualis
437 1394 552 1438 Borgia
574 1398 784 1437 nuncupatus,
809 1398 976 1437 postquam
1001 1392 1043 1425 di-

300 1449 399 1482 lectus
415 1448 499 1482 filius
515 1447 631 1481 nobilis
644 1447 691 1480 vir
705 1457 811 1480 comes
831 1446 869 1480 de
884 1447 1043 1490 Monterey
1059 1468 1061 1488 ,›

301 1502 478 1536 charissimi
503 1501 534 1534 in
557 1500 681 1535 Christo
705 1500 762 1533 filii
786 1499 885 1533 nostri
906 1499 1041 1544 Philippi

300 1556 523 1601 Hispaniarum
546 1555 631 1598 regis
656 1554 801 1588 catholici
824 1553 907 1598 apud
931 1563 988 1587 nos
1013 1558 1043 1586 et

299 1609 512 1654 Apostolicam
537 1608 649 1642 Sedem
674 1613 782 1642 orator
799 1607 934 1641 existens
951 1618 969 1640 a
985 1607 1043 1641 Ro-

300 1665 393 1697 mana
429 1662 518 1696 curia
553 1661 592 1695 ad
626 1671 762 1705 regnum
798 1661 1041 1705 Neapolitanum

299 1716 540 1762 gubernandum
564 1715 704 1756 recessit,
729 1725 766 1748 ex
791 1715 883 1748 tacita
908 1715 1042 1759 permis-

299 1771 387 1804 sione
409 1771 541 1810 nostra,
570 1768 703 1812 negocia
734 1768 874 1802 eiusdem
903 1768 1040 1812 Philippi

299 1823 383 1867 regis
406 1832 464 1867 per
487 1821 624 1862 interim,
640 1826 675 1854 ut
694 1822 789 1864 vulgo
814 1821 938 1863 dicitur,
956 1821 1041 1865 apud

299 1888 356 1911 nos
380 1876 513 1920 gesserit
520 1886 528 1916 ;
547 1880 660 1918 tamen,
679 1885 750 1908 cum
770 1880 879 1919 postea
896 1875 962 1918 ipse
981 1875 1041 1908 Ga-

300 1941 372 1975 spar
395 1930 562 1974 episcopus
587 1934 617 1962 et
641 1928 808 1962 cardinalis
838 1939 856 1961 a
883 1928 974 1962 nobis
1002 1928 1041 1961 de

300 1983 432 2019 ecclesia
449 1983 694 2027 metropolitana
712 1982 888 2026 Hispalensi
902 1982 940 2014 ad
953 1992 1041 2026 prae-

300 2037 506 2073 sentationem
531 2036 671 2070 eiusdem
696 2025 836 2080 Philippi
858 2035 942 2078 regis
967 2046 1059 2086 prom

300 2093 384 2125 visus
404 2091 508 2131 fuerit,
533 2095 563 2123 et
586 2090 719 2123 dilectus
743 2089 862 2133 pariter
886 2089 970 2122 silius
989 2099 1059 2129 1102

299 2145 371 2179 bilis
405 2145 453 2177 vir
491 2144 633 2178 marchio
669 2143 768 2177 Castri
803 2142 948 2176 Roderici
985 2134 1059 2187 per¹

300 2200 403 2244 ipsum
428 2197 608 2242 Philippum
639 2207 749 2240 regem
777 2201 885 2230 orator
914 2196 952 2229 ad
984 2207 1041 2230 nos

300 2253 467 2298 deputatus
490 2252 530 2285 ad
550 2252 666 2285 almam
684 2252 800 2285 Urbem
816 2257 956 2285 nostram
973 2262 1043 2294 pcr-

301 2306 450 2340 sonaliter
474 2305 661 2346 accesserit,
692 2305 725 2338 in
754 2306 854 2348 eaque
882 2304 1060 2347 resideat„

302 2361 395 2395 hodie
418 2370 482 2394 non
504 2360 655 2393 debemus
686 2370 835 2404 expresse
859 2369 917 2392 nec
952 2359 1042 2393 tacite

302 2414 490 2456 consentire,
515 2413 600 2458 quod
624 2413 707 2446 idem
731 2413 851 2457 Gaspar
875 2413 1060 2457 episcopus*

302 2475 333 2503 et
356 2467 539 2508 cardinalis,
564 2466 734 2500 residentia
765 2467 797 2498 in
828 2468 885 2499 sua
910 2467 1042 2500 ecclesia

302 2521 555 2567 metropolitana,
580 2522 721 2565 curaque
733 2523 778 2554 tot
790 2520 968 2554 animarum
982 2521 1042 2555 sibi

340 2595 351 2622 1
368 2593 407 2621 Ex
422 2592 531 2628 Regest.
546 2591 574 2619 in
593 2591 694 2619 Secret.
711 2590 846 2618 Brevium.

341 2639 351 2665 1
369 2637 435 2665 Vide
449 2645 510 2672 sup.
526 2645 588 2673 pag.
604 2636 668 2671 280,
684 2640 711 2664 et
725 2636 778 2663 283
793 2638 829 2672 (n.
847 2635 896 2671 τὴ.

388 2691 466 2719 Bull.
486 2691 570 2720 Rom.
586 2706 620 2712 —
637 2690 696 2719 Vol.
718 2689 794 2719 XIV.

951 2689 984 2717 37

1071 214 1127 239 vlu
1150 215 1198 239 Pr.

1072 264 1314 297 commissarum
1339 259 1498 299 derelicta,
1524 267 1654 292 munere
1680 257 1815 291 oratoris

1072 317 1145 351 dicti
1162 316 1296 360 Philippi
1310 315 1393 358 regis
1408 313 1490 358 apud
1504 323 1561 346 nos
1576 323 1704 356 quoquo
1720 312 1814 345 modo

1071 372 1229 414 fungatur.
1256 370 1381 411 Verum,
1401 368 1482 412 quia,
1504 370 1537 401 ut
1558 377 1575 399 a
1595 366 1753 399 nonnullis
1771 365 1813 399 di-

1072 424 1165 464 citur,
1183 424 1249 467 ipse
1262 423 1382 466 Gaspar
1401 421 1567 465 episeopus
1587 425 1617 452 ct
1635 419 1812 460 cardinalis,

1072 477 1210 510 nescitur
1227 486 1290 519 quo
1308 475 1422 518 spiritu
1438 474 1559 515 ductus,
1585 473 1670 506 nullo
1688 483 1705 505 a
1720 472 1811 506 nobis

1072 540 1228 564 consensu
1251 528 1371 569 habito,
1385 538 1441 560 nec
1454 527 1580 560 lieentia
1598 528 1745 570 expressa
1764 526 1811 559 vel

1072 583 1165 618 tacita
1189 583 1328 623 obtenta,
1355 591 1469 613 munus
1494 580 1629 614 oratoris
1645 579 1718 612 dicti
1736 579 1815 612 Phi-

1072 636 1149 681 lippi
1174 636 1258 680 regis
1283 640 1448 679 acceptare
1473 639 1501 667 et
1523 634 1553 666 in
1570 644 1607 666 eo
1624 645 1655 667 se
1670 634 1815 676 ingerere

1072 691 1176 732 audet,
1201 701 1236 724 ac
1259 689 1391 733 negocia
1408 689 1492 732 regis
1513 693 1647 721 tractare
1672 687 1814 728 intendit,

1073 750 1183 778 contra
1203 742 1368 777 canonicas
1389 742 1574 783 sanctiones,
1593 741 1816 785 notoriumque

1073 798 1187 842 stylum
1204 798 1429 837 inveteratum,
1450 797 1480 829 in
1497 796 1619 829 animae
1640 806 1713 828 suae
1733 795 1817 839 peri-

1074 852 1190 892 culum,
1212 861 1348 894 suaeque
1372 850 1532 891 ecelesiae,
1551 850 1680 893 eiusque
1698 849 1817 882 dioece-

1074 915 1223 938 sanorum
1240 903 1474 943 detrimentum,
1489 903 1557 935 ideo
1575 903 1755 946 praemissis
1772 913 1818 935 re-

1076 958 1215 991 medium
1233 950 1383 990 adhibere
1399 957 1646 989 intendebamus.
1665 956 1725 989 Sed
1742 956 1815 1000 quia

1075 1023 1092 1045 a
1105 1011 1336 1045 discordiarum
1348 1010 1542 1043 amatoribus
1561 1010 1591 1041 in
1605 1010 1711 1043 odium
1726 1020 1819 1053 prae-

1075 1065 1150 1098 dicti
1175 1065 1309 1109 Philippi
1342 1064 1425 1107 regis
1459 1064 1575 1096 sactum
1605 1063 1664 1095 diei
1691 1069 1819 1106 posset,

1058 1119 1153 1155 {illud
1177 1119 1209 1152 in
1234 1119 1444 1163 opportunius
1469 1124 1592 1161 tempus
1617 1117 1655 1149 ad
1672 1117 1817 1149 nostrum

1059 1173 1309 1217 beneplacitum
1326 1172 1453 1205 differre
1479 1177 1509 1205 et
1534 1171 1746 1204 transmittere
1766 1170 1818 1203 de-

1059 1245 1060 1254 η
1076 1228 1289 1261 liberavimus.

1121 1282 1189 1326 §⁹2
1214 1283 1258 1315 Ne
1291 1286 1395 1314 autem
1427 1291 1463 1313 ex
1496 1281 1603 1313 nostra
1638 1280 1819 1313 huiusmodi

1076 1335 1314 1376 deliberatione,
1330 1346 1365 1368 ac
1384 1334 1603 1374 taciturnitate,
1620 1334 1820 1367 conniventia

1076 1399 1112 1422 ac
1128 1389 1294 1422 tolerantia
1319 1389 1489 1432 praeterita
1511 1389 1625 1429 forsan,
1644 1387 1819 1431 praesenti¹

1077 1447 1107 1475 et
1129 1443 1234 1475 sutura
1258 1441 1357 1486 possit
1381 1451 1519 1485 unquam
1544 1441 1730 1484 praetendi,
1763 1451 1820 1474 nos

1076 1495 1178 1529 eidem
1209 1495 1339 1539 Gaspari
1364 1495 1512 1538 episcopo
1546 1500 1575 1527 et
1608 1494 1757 1527 cardinali
1782 1495 1822 1527 li-

1077 1550 1211 1583 centiam
1237 1560 1292 1582 seu
1316 1549 1495 1582 facultatem
1520 1549 1713 1592 praedictam
1738 1559 1820 1582 con-

1076 1604 1218 1644 cessisse,
1245 1603 1292 1636 vel
1316 1603 1361 1635 illi
1387 1613 1574 1636 eonsensum
1599 1608 1742 1635 nostrum
1764 1602 1819 1636 de-

1076 1667 1170 1701 super
1190 1656 1281 1691 tacite
1305 1657 1353 1689 vel
1378 1666 1524 1700 expresse
1540 1655 1744 1699 praestitisse,
1759 1656 1820 1690 hoc

1076 1721 1168 1744 mane
1192 1716 1328 1754 quatuor
1353 1721 1391 1744 ex
1411 1710 1623 1743 cardinalibus
1648 1720 1820 1753 congrega-

1077 1765 1168 1799 tionis
1183 1765 1280 1798 sancti
1296 1764 1401 1805 officii,
1418 1764 1471 1807 qui
1483 1764 1587 1807 primo
1604 1764 1818 1805 accessissent,

1076 1818 1182 1852 vocari
1207 1817 1373 1857 iussimus,
1399 1827 1535 1860 cumque
1556 1817 1661 1849 dilecti
1686 1817 1741 1849 sitii
1761 1827 1818 1850 no-

1076 1872 1132 1905 stri
1156 1871 1323 1904 Laudivius
1337 1871 1366 1904 S.
1382 1871 1468 1911 Sixti,
1487 1871 1699 1914 Berlingcrius
1717 1870 1746 1904 S.
1761 1872 1820 1904 Au-

1076 1925 1193 1969 gustini
1219 1929 1248 1959 et
1271 1925 1428 1959 Fabritius
1449 1924 1478 1958 S.
1497 1925 1654 1957 Laurentii
1682 1925 1712 1957 in
1738 1925 1819 1958 Pane

1076 1985 1105 2013 et
1130 1980 1229 2012 Perna
1253 1979 1417 2012 titulorum
1435 1979 1610 2023 presbyteri
1628 1977 1819 2023 Verospius⁹

1076 2039 1105 2067 ct
1130 2033 1256 2068 Martius
1274 2034 1302 2067 S.
1321 2033 1433 2066 Mariae
1459 2034 1561 2066 Novae
1587 2033 1737 2066 diaconus
1755 2044 1820 2067 car-

1076 2087 1187 2120 dinalis
1201 2088 1342 2121 Ginettus
1356 2087 1529 2131 respective
1543 2088 1713 2131 nuncupati
1727 2098 1798 2121 cum
1808 2087 1819 2104 ³

1077 2141 1189 2174 ceteris
1225 2141 1436 2174 cardinalibus
1468 2141 1507 2173 ad
1539 2142 1818 2184 congregationem

1076 2195 1174 2227 sancti
1202 2194 1296 2227 officii
1325 2194 1505 2227 huiusmodi
1538 2205 1644 2227 coram
1673 2195 1762 2228 nobis
1787 2195 1818 2228 in

1058 2248 1189 2292 'palatio
1214 2253 1323 2281 nostro
1347 2248 1499 2287 Quirinali
1524 2248 1689 2281 tenendam
1714 2259 1820 2282 acces-

1077 2303 1184 2345 serint,
1205 2313 1262 2336 nos
1288 2302 1415 2335 eosdem
1440 2302 1634 2343 Laudivium,
1660 2303 1820 2346 Berlinge-

1077 2357 1180 2398 rium,
1211 2356 1386 2389 Fabritium
1412 2360 1441 2390 et
1468 2357 1613 2405 Martipm
1646 2357 1819 2390 cardinales

1077 2412 1108 2444 iu
1134 2410 1275 2443 interiori
1290 2410 1435 2443 cubiculo
1453 2415 1562 2443 nostro
1580 2411 1819 2454 assumpsimus,

1077 2465 1182 2508 eisque
1209 2464 1399 2497 voluntatem
1417 2468 1446 2496 et
1459 2463 1662 2497 intentionem
1677 2469 1819 2497 nostram

1114 2547 1125 2573 1
1143 2544 1209 2571 Male
1224 2543 1288 2571 edit.
1303 2543 1386 2570 Maiu.
1404 2543 1467 2578 legit
1479 2551 1618 2577 praesens
1631 2544 1669 2577 (n.
1686 2544 1735 2578 Τ.).

1111 2589 1128 2616 2
1143 2589 1242 2616 Vocem
1257 2591 1413 2622 nuncupat.
1431 2587 1490 2614 heic
1506 2587 1627 2614 delemus
1644 2589 1678 2622 (n.
1696 2589 1744 2623 τ.).

1059 2663 1062 2672 ,
1113 2634 1128 2663 3
1143 2633 1214 2662 Infra
1229 2641 1290 2669 pag.
1306 2632 1358 2660 292
1373 2641 1392 2660 α
1406 2632 1502 2668 legitur
1513 2641 1587 2668 prae
1604 2634 1642 2668 (a.
1655 2632 1703 2667 τ.).

1718 198 1782 234 289
1828 209 1878 238 An.
1894 208 1922 238 c,
1945 208 2013 237 1632

1855 1288 1984 1311 Declaratio,
1993 1287 2019 1309 de

1835 1322 1877 1343 qua
1893 1317 1913 1337 in
1928 1315 2021 1337 rubrica.
