2248 3229
87 269 138 297 An.
159 269 189 296 C.
208 268 275 297 ¹639

115 492 234 514 uocatum.
246 491 273 512 do

87 524 130 545 quo
142 519 163 540 in
179 518 272 540 rubi-ica.

899 269 1041 294 rnnsxrs
1066 270 1122 293 vm
1149 270 1196 302 riv.
1711 257 1768 292 751

287 317 353 351 cari
377 317 460 359 fecit,
485 323 518 351 ut
537 318 569 351 in
593 317 775 362 praemissis
790 323 978 362 opportune,
997 323 1031 351 ut
1045 320 1049 371 1
1064 328 1201 362 suosque
1219 317 1378 362 plenarios
1395 322 1424 349 et
1442 316 1580 359 integros
1595 315 1724 349 effeetus
1742 325 1805 349 sor-

288 370 387 412 insra,
411 370 580 415 providere
613 370 651 404 de
687 371 882 415 benignitate
906 376 1030 415 aposto·
1046 378 1048 427 ξ
1066 371 1116 404 tiri
1137 377 1167 404 et
1184 371 1336 412 obtinere,
1354 376 1385 403 et
1403 369 1440 403 ab
1455 369 1600 403 omnibus
1619 374 1647 402 et
1665 367 1806 412 singulis,

288 424 349 458 lica
373 424 587 468 dignaremur.
1046 425 1103 459 .ad
1126 435 1204 469 quos
1233 430 1351 468 spectat
1375 429 1403 457 et
1430 434 1487 467 pro
1521 428 1662 467 tempore
1687 427 1807 466 specta-

332 478 347 522 §
366 478 396 511 3.
422 478 485 511 Nos
498 477 605 521 igitur,
622 478 769 512 eumdem
789 479 937 512 loannem
955 478 1030 511 Pau-
1065 479 1119 521 bit,
1139 478 1360 512 inviolabiliter
1373 477 1552 517 observari,
1567 477 1684 521 sicque,
1702 480 1731 510 et
1744 486 1805 510 nou

288 531 354 564 lum
379 542 529 575 magnum
554 532 742 575 magistrum
773 532 961 576 specialibus
986 532 1029 565 sa-
1047 541 1049 547 *
1065 532 1165 573 aliter,
1186 532 1217 565 in
1242 532 1388 565 omnibus
1414 538 1443 564 et
1468 531 1600 574 singulis
1625 530 1807 574 praemissis·

289 584 417 618 roribus
441 589 470 619 et
493 585 603 628 gratiis
627 585 777 630 prosequi
792 586 941 626 volentes,
967 591 996 618 et
1013 596 1030 618 a
1047 596 1049 613 ι’
1065 597 1121 630 per
1137 596 1352 630 quoscumque
1374 585 1492 618 iudices
1516 584 1694 618 ordinarios
1711 589 1742 617 et
1758 583 1807 617 de-

288 637 451 681 quibusvis
475 639 818 681 excommunicationis,
844 638 1027 683 suspensio-
1047 659 1049 683 1
1067 640 1195 682 legatos,
1216 639 1310 672 etiam
1328 648 1493 672 causarum
1511 637 1618 681 palatii
1643 637 1805 681 apostolici

288 690 336 724 nis
367 695 398 724 et
430 691 608 734 interdicti,
644 692 775 736 aliisque
811 692 1030 726 ecclesiasticis
1047 690 1049 719 l
1065 692 1235 733 auditores,
1259 703 1293 725 ae
1313 703 1371 736 pro
1397 697 1537 735 tempore
1562 691 1729 724 existentes
1746 700 1807 723 ma-

289 744 462 786 sententiis‚
486 746 628 779 censuris
651 751 682 779 et
706 746 825 790 poenis,
849 757 867 779 a
890 746 958 779 iure
984 746 1030 778 vet
1048 738 1049 791 l
1066 757 1162 789 gnum
1187 746 1372 789 magistrum
1404 751 1433 779 et
1465 745 1630 778 eonsilium
1666 744 1806 788 aliosque

289 797 328 830 ab
352 798 480 832 homine
496 827 503 841 ,
535 799 644 842 quavis
675 800 841 833 occasione
866 800 913 832 vel
938 801 1030 833 causa
1048 802 1050 846 l
1068 800 1185 833 iudices
1211 806 1241 833 et
1267 799 1434 832 tribunalia
1467 798 1541 831 dieti
1566 798 1740 842 hospitalis,
1765 798 1808 830 iu-

290 851 382 893 latis,
406 851 432 884 si
457 852 573 896 quibus
597 852 835 896 quomodolibet
865 852 1031 886 innodatus
1048 883 1050 897 ,
1067 854 1165 887 dicari
1190 864 1224 886 ac
1250 853 1373 886 deliniri
1402 853 1539 894 debere,
1565 862 1601 885 ac
1631 851 1754 884 irritum
1780 856 1809 884 et

289 905 404 946 existit,
419 905 458 938 ad
474 904 620 939 effectum
638 907 854 950 praesentium
871 906 1031 940 dumtaxat
1048 903 1049 944 J
1068 908 1157 940 inane
1189 907 1341 951 quidquid
1378 917 1468 939 secus
1493 915 1587 949 super
1610 904 1658 937 liis
1683 915 1700 937 a
1731 915 1810 948 quo-

291 960 558 1004 consequendum‚
572 961 684 994 harum
698 960 779 994 serie
796 961 991 994 absolventes
1004 966 1033 993 et
1067 972 1172 1005 quam,
1185 961 1294 1004 quavis
1307 959 1646 999 auctoritate,scienter
1665 958 1710 991 xel
1725 958 1810 1001 igno-

289 1013 468 1047 absolutum
482 1014 548 1048 sore
562 1019 742 1055 censentes,
767 1014 946 1047 huiusmodi
964 1025 1033 1057 sup-
1048 1030 1050 1038 ·
1067 1020 1183 1055 rauter,
1205 1014 1371 1057 contigerit
1387 1013 1542 1046 attentari.

290 1067 512 1111 plicationibus
542 1067 703 1108 inclinati,
738 1067 903 1101 consilium
935 1055 1050 1100 statuse
1111 1067 1167 1111 gs).
1186 1068 1253 1101 Nou
1274 1066 1469 1099 obstantibus
1487 1065 1762 1099 constitutionibus
1779 1071 1807 1099 et

291 1121 499 1165 praedictum,
518 1121 591 1154 sede
600 1121 773 1163 magistrali
788 1127 925 1162 vacante,
940 1132 1032 1166 posse
1048 1137 1049 1161 ς
1067 1120 1317 1154 ordinationibus
1341 1119 1533 1163 apostolicis,
1550 1129 1586 1152 ac
1610 1118 1684 1152 dicti
1704 1119 1809 1162 hospi-

290 1173 419 1218 quidem
443 1173 604 1208 ordinaria
628 1176 685 1207 sua
709 1174 895 1207 auctoritate
916 1175 947 1207 in
963 1171 1050 1218 pro-1
1068 1175 1146 1216 talis,
1167 1174 1259 1208 etiam
1280 1174 1467 1215 iuramento,
1482 1173 1721 1206 confirmatione
1735 1183 1809 1217 apo-

264 1229 267 1231 “
291 1227 425 1260 ridendo
437 1227 534 1261 rebus
551 1227 651 1272 ipsius
669 1227 835 1271 hospitalis
851 1227 1032 1272 insulaeque
1048 1220 1049 1230 ¹
1067 1229 1187 1269 stolica,
1202 1229 1248 1261 vel
1270 1229 1378 1272 quaws
1398 1228 1546 1260 sumitate
1567 1227 1627 1260 alia
1642 1226 1808 1267 roboratis,

119 1931 239 1953 Gtausutac.

291 1279 474 1316 Metitanae¹
499 1280 543 1314 uti
559 1309 566 1323 ‚
591 1291 654 1314 non
679 1286 784 1314 autem
813 1281 951 1314 adimere
979 1292 1033 1314 seu
1068 1282 1190 1315 statutis
1218 1277 1454 1325 capitularibus,
1476 1280 1649 1324 privilegiis
1673 1290 1809 1324 quoque,

290 1334 467 1367 diminuere
491 1334 646 1367 ullatenus
670 1334 942 1378 praeeminentias,
968 1335 1030 1379 pri-
1069 1335 1194 1369 indultis
1207 1335 1361 1368 etlitteris
1375 1334 1555 1378 apostolicis
1572 1333 1809 1367 incontrarium

291 1387 419 1431 vilegia,
443 1387 660 1429 auctoritates,
685 1388 938 1432 praerogativas,
963 1388 1032 1421 red·
1048 1380 1051 1413 ¹]
1069 1388 1318 1433 praemissorum
1361 1387 1597 1432 quomodolibet
1633 1387 1810 1427 concessis,

291 1441 374 1474 ditus
397 1446 427 1474 ct
452 1441 521 1474 iura
538 1440 711 1484 magisterii
726 1444 756 1475 et
769 1441 876 1484 magni
892 1441 1034 1484 magistri
1050 1468 1051 1480 ,
1069 1441 1261 1475 confirmatis
1289 1440 1471 1485 approbatis
1499 1445 1529 1475 et
1555 1440 1724 1480 innovatis;
1744 1440 1810 1484 qui-

291 1494 484 1535 huiusmodi,
508 1494 562 1528 sed
587 1494 640 1527 itta
662 1494 768 1528 omnia
792 1499 887 1538 prout
911 1498 982 1528 sunt
1006 1488 1051 1528 etl
1071 1496 1128 1528 bus
1152 1494 1300 1528 omnibus
1324 1501 1353 1528 et
1374 1494 1516 1537 siugulis,
1533 1504 1645 1528 eorum
1668 1493 1810 1526 omnium

291 1553 394 1589 erunt,
418 1548 503 1583 iuxta
527 1551 718 1582 statutorum
735 1558 791 1581 seu
807 1548 1034 1582 stabilimento·
1052 1564 1053 1576 ι
1071 1552 1194 1580 tenores
1219 1546 1436 1591 praesentibus
1461 1557 1519 1591 pro
1546 1546 1637 1590 plene
1665 1551 1696 1578 et
1723 1546 1810 1578 suffi-

292 1613 363 1636 rum
386 1611 423 1635 ac
447 1601 683 1636 ordinationum
708 1601 928 1645 capitularium
953 1602 1035 1635 cius-
1051 1615 1053 1649 ;
1070 1601 1188 1635 cienter
1209 1601 1375 1645 expressis,
1394 1611 1429 1634 ac
1450 1600 1488 1633 de
1509 1600 1605 1634 verbo
1623 1600 1661 1633 ad
1679 1600 1810 1634 verbum

291 1655 363 1689 dem
376 1655 550 1699 hospitalis,
564 1655 736 1699 apostolica
761 1655 946 1689 auctoritate
964 1666 1035 1689 eon-
1051 1682 1053 1702 5
1071 1655 1195 1688 insertis
1212 1655 1374 1695 habentes,
1392 1654 1452 1687 illis
1473 1654 1549 1687 alias
1567 1654 1597 1687 in
1615 1665 1671 1688 suo
1696 1655 1811 1688 robore

291 1708 1034 1754 tirmatorum,dispositionem,etpossessionem
1050 1720 1053 1751 f
1070 1709 1297 1754 permansuris,
1317 1709 1376 1742 hac
1401 1709 1467 1742 viee
1491 1708 1653 1741 dumtaxat
1673 1709 1812 1752 speciali-

292 1764 352 1808 ipsi
366 1774 481 1807 magno
501 1763 654 1807 magistro
671 1763 855 1807 quaesitam,
870 1768 1051 1801 remanere}
1071 1767 1116 1797 ter
1147 1767 1176 1797 et
1206 1772 1352 1807 expresse
1388 1762 1599 1805 derogaiuus;
1635 1761 1810 1806 ceterisque

292 1817 417 1857 debere,
431 1817 603 1861 apostolica
620 1817 815 1860 auctoritate,
826 1823 935 1851 tenore
948 1829 1035 1862 prae-
1050 1822 1051 1826 ’
1069 1817 1237 1851 contrariis
1261 1817 1522 1861 ‹piibuscumque

293 1870 782 1911 sentium,statuimus‚volumus
799 1864 1053 1913 dominamus}
1112 1872 1224 1904 Datum
1249 1872 1376 1912 Romae,
1403 1869 1484 1914 apud
1509 1869 1537 1902 S.
1566 1869 1694 1901 Mariam
1718 1868 1812 1902 Maio-

337 1924 353 1968 §
369 1924 398 1957 lt.
417 1924 626 1957 Decernentes
646 1929 828 1968 praesentes
844 1925 963 1959 litteras
984 1937 1035 1960 va·
1050 1927 1052 1964 ἓ
1070 1936 1147 1968 rem,
1166 1925 1224 1958 sub
1248 1925 1364 1958 annulo
1395 1924 1574 1965 Piscatoris,
1592 1923 1641 1956 die
1670 1933 1691 1957 11
1717 1934 1811 1967 augu-

294 1977 382 2019 lidus,
406 1977 515 2011 firmas
532 1982 564 2011 et
579 1978 722 2012 efficaces
746 1978 880 2012 existere
903 1983 934 2014 et
958 1980 1035 2021 sore,
1070 1979 1108 2012 sti
1131 1989 1300 2021 nncxxxix,
1311 1978 1511 2023 pontificatus
1531 1977 1631 2011 nostri
1650 1987 1732 2011 anno
1746 1987 1809 2011 xvi.

333 2041 341 2067 t
364 2039 414 2068 Ed.
435 2039 514 2068 tttain.
535 2039 600 2076 legit
618 2040 805 2070 Motevieamae
819 2041 857 2076 (a.
869 2042 918 2076 T.).
1106 2041 1163 2070 Dat.
1181 2041 1224 2070 die
1243 2043 1259 2069 Ξ
1279 2042 1386 2078 augusti
1404 2042 1482 2077 1639,
1497 2041 1594 2078 pontis.
1610 2047 1682 2069 anno
1698 2046 1752 2068 xvt.

1820 266 1868 293 An.
1890 266 1919 294 C.
1938 266 2004 295 1539

1895 1079 1931 1099 llei
1939 1081 2008 1103 opatu!

1824 1108 1985 1127 contrariorum.
