2248 3229
101 254 150 282 An.
170 253 199 282 C.
215 253 284 282 1631

139 1862 249 1883 Decretum
264 1862 290 1882 it·-

106 1891 181 1910 mans.

162 2291 294 2312 obstantium

109 2317 228 2344 derogatio.

906 251 1049 277 URBANUS
1073 252 1130 278 vul
1152 253 1200 278 PP.

298 300 358 334 bus
381 304 409 332 et
435 298 544 342 gratiis
562 300 712 343 prosequi
731 300 878 342 volentes,
897 304 927 332 et
943 310 960 332 a
977 299 1043 344 qui-

299 352 407 386 busvis
439 352 794 394 excommunicationis,
827 352 1042 396 suspensionis
1079 356 1167 418 Confi

300 412 329 439 et
350 405 518 447 interdicti,
536 406 667 450 aliisque.
687 406 905 439 ecelesiasticis
923 412 1043 439 senten-

301 460 360 501 tiis,
386 460 528 493 censuris
552 466 580 493 et
607 459 727 503 poenis,
745 469 762 492 a
779 459 847 492 iure
865 460 912 491 vel
935 458 974 492 ab
991 460 1044 493 lio-

301 514 394 556 mine,
412 514 521 558 quavis
545 513 709 547 occasione
729 513 777 545 vel
803 514 895 545 causa
920 513 1000 556 latis,
1018 514 1042 546 si

301 568 415 611 quibus
435 567 673 612 quomodolibet
690 567 855 600 innodatus
875 567 988 609 existit,
1005 568 1043 600 ad

301 621 446 654 effectum
483 621 696 664 praesentium
732 620 892 653 dumtaxat
927 631 1040 654 conse-

301 674 473 718 quendum,
490 674 603 706 harum
629 674 711 707 serie
734 674 929 708 absolventes
947 679 977 707 et
993 675 1044 707 ab·

302 727 439 760 solutum
464 726 530 759 sore
555 733 737 769 censentes,
763 727 945 760 huiusmodi
969 737 1044 771 sup-

301 779 523 824 plicationibus
556 779 717 823 inclinati,
748 780 786 814 de
819 779 1044 813 venerabilium

302 834 436 866 fratrum
460 838 643 866 nostrorum
669 834 697 866 S
720 834 753 866 R.
779 834 812 866 Ε,
839 833 1045 867 cardinalium

302 887 436 930 negotiis
461 887 658 930 regularium
685 888 940 932 praepositorum
970 897 1044 921 con-

303 940 383 981 silio,
407 941 593 974 auctoritate
619 941 796 985 praedicta,
822 946 931 974 tenore
954 951 1045 984 prae-

303 993 449 1036 sentium,
464 994 629 1027 statuimus
642 1000 734 1038 atque
747 994 939 1035 ordinamus,
951 994 1044 1037 quod,

1405 299 1492 335 nvn.

1171 378 1288 410 rmum)
1322 376 1509 410 litterarum
1536 377 1640 411 Pauli
1664 376 1738 417 III,
1765 377 1821 410 Iu-

1123 430 1162 462 lic·
1189 429 1252 469 ΙΙΙ,
1284 430 1384 463 Pauli·
1410 430 1467 470 IV,
1494 431 1553 463 Pii
1576 431 1625 464 IV
1648 436 1676 464 el
1700 431 1759 464 Pit
1783 430 1818 470 V,

1123 482 1274 525 Greqorii
1302 483 1408 519 XIII.
1436 483 1524 516 Steti
1559 484 1585 516 V
1610 488 1638 516 ct
1669 484 1817 518 Clemen-

1123 535 1164 567 tis
1192 535 1292 575 VIII,
1320 536 1440 578 quibus
1470 529 1621 578 familiae
1652 536 1690 569 cle
1714 536 1821 569 Flisco

1121 588 1370 621 marchionatus
1390 588 1584 628 Mamertini,
1604 599 1728 622 ueenon
1753 589 1822 622 loca

1123 641 1320 684 Crepczeorii,
1344 641 1489 680 Quirini,
1509 640 1680 674 Flecclzz'ae
1696 647 1723 675 et
1737 643 1822 675 Rino

1123 695 1158 727 in
1169 694 1302 738 feudum
1313 698 1507 738 perpetuum
1521 694 1743 727 masculinum
1754 705 1823 728 con-

1123 748 1291 791 cechmtur,
1310 759 1382 780 cum
1406 758 1500 781 onere
1519 758 1647 781 censum
1672 759 1823 781 annuum

1124 812 1269 835 camerae
1285 802 1478 846 apostolicae
1495 801 1701 846 persolvendi
1714 801 1731 835 ¹.

1282 883 1418 910 Urbanus
1438 883 1517 916 Papa
1537 882 1615 914 vm,

1204 928 1241 955 ad
1259 930 1435 962 perpetuam
1451 927 1495 954 rei
1514 926 1695 955 memoriam.

1125 997 1301 1030 Constantis
1330 1002 1361 1030 et
1391 997 1525 1030 eximiae
1549 997 1724 1031 devotionis
1748 997 1823 1031 affe-

304 1047 334 1079 in
360 1047 619 1081 ratificationibus
644 1048 707 1080 sire
732 1048 821 1081 novis
845 1047 1047 1091 professioni·
1081 1055 1170 1091 etus,
1195 1061 1258 1094 quo
1286 1061 1344 1084 nos
1372 1055 1402 1083 et
1426 1051 1598 1084 Romanam
1624 1050 1755 1084 dilectus
1779 1050 1819 1083 fi-

303 1101 362 1133 bus
386 1100 535 1134 faciendis
560 1101 591 1133 in
615 1100 760 1133 manibus
792 1101 942 1147 praelati,
968 1111 1047 1134 nova

304 1154 436 1187 fratrum
469 1154 624 1188 vocalitun
661 1155 834 1199 acceptatio
869 1156 1046 1188 nullatenus

304 1208 494 1252 requiratur,
512 1209 566 1242 sed
586 1209 688 1243 statim
710 1210 870 1252 professus
891 1209 1046 1253 intelliga—

303 1268 355 1294 tur
383 1266 412 1296 et
434 1262 519 1295 silius
543 1263 610 1296 eius
635 1268 807 1296 conventus
836 1264 867 1296 in
892 1275 954 1307 quo
978 1274 1047 1307 pro-

304 1315 472 1349 fessionem
504 1317 640 1357 fecerat,
665 1317 839 1361 supplendo
869 1328 941 1350 cum
972 1317 1047 1350 sim-

303 1369 378 1413 plici
403 1369 627 1410 ratificatione,
651 1381 706 1403 seu
731 1372 812 1404 nova
836 1370 1046 1414 professione,

305 1423 536 1467 qualecumque
549 1424 747 1467 requisitum,
761 1424 845 1467 quod
863 1424 900 1457 de
918 1424 985 1457 iure
1002 1435 1047 1458 re-

305 1476 495 1521 quireretur,
516 1487 571 1510 seu
594 1477 632 1509 (le
656 1478 738 1511 sacto
762 1483 954 1520 occurreret,
976 1489 1047 1512 cum

306 1531 481 1564 retentione
506 1541 617 1564 eorum
645 1531 823 1574 graduum,
849 1532 1045 1575 officiorum,

304 1583 480 1625 bonorum,
506 1583 693 1627 dignitatum
719 1585 766 1617 vel
790 1585 1048 1628 praeeminentia-

304 1648 398 1679 rum,
428 1638 543 1682 quibus
573 1639 611 1671 ad
642 1649 792 1682 praesens
823 1640 981 1682 gaudent,
1006 1641 1048 1674 ita

305 1698 420 1732 tamen,
445 1697 488 1732 ut,
513 1692 566 1735 qui
591 1691 629 1725 de
653 1692 733 1725 sacto
757 1692 900 1725 habitum
926 1694 1048 1736 regula-

305 1756 373 1780 rem
397 1745 582 1787 dimiserint,
600 1746 796 1790 recipiantur
820 1747 903 1780 salva
928 1747 1047 1781 ordinis

306 1799 479 1843 disciplina.

351 1853 365 1896 ξ
383 1852 412 1885 4.
430 1853 639 1885 Decernentes
659 1858 840 1896 praesentes
863 1853 981 1888 litteras
992 1865 1049 1894 ,va-

305 1906 394 1948 lidas,
413 1906 520 1939 firmas
541 1911 571 1939 et
591 1906 733 1939 efficaces
758 1907 892 1940 existere
917 1913 947 1940 et
972 1908 1047 1951 sore,

307 1970 444 2004 suosque
461 1960 619 2003 plenarios
633 1964 662 1993 et
679 1960 819 2003 integros
837 1961 964 1994 effeetus
981 1972 1047 1995 sor-

306 2014 358 2047 tiri
383 2019 413 2047 et
437 2014 589 2053 obtinere,
615 2024 650 2046 ac
675 2014 821 2047 omnibus
847 2020 876 2047 et
901 2015 1046 2058 singulis,

307 2079 386 2113 quos
410 2069 481 2101 illae
506 2074 711 2108 concernunt,
736 2069 917 2113 plenissime
942 2069 1050 2102 suffra—

308 2123 386 2166 gari,
404 2123 591 2167 irritumque
616 2128 645 2156 et
668 2123 759 2155 inane
784 2123 937 2168 quidquid
961 2134 1049 2157 secus

309 2187 403 2221 super
419 2176 468 2209 his
485 2187 502 2210 a
518 2187 692 2221 quoquam,
717 2178 825 2222 quavis
850 2178 1048 2218 auctoritate,

309 2230 444 2263 scienter
454 2230 501 2263 vel
511 2230 704 2273 ignoranter,
715 2230 882 2273 contigerit
893 2231 1048 2263 attentari.

354 2285 369 2328 ἓ
394 2284 422 2317 5.
455 2285 523 2318 Non
554 2284 749 2319 obstantibus
780 2285 984 2329 praemissis,
1015 2295 1050 2319 ac

310 2338 456 2372 omnibus
481 2338 542 2371 illis
565 2349 645 2382 quae
665 2339 695 2371 in
715 2339 806 2372 dictis
826 2339 938 2372 litteris
955 2340 1051 2372 volui-

309 2403 379 2426 mus
409 2402 471 2426 non
501 2393 647 2434 obstare,
679 2393 855 2437 ceterisque
885 2394 1050 2427 contrariis

310 2447 571 2490 quibuscumque.

354 2501 465 2534 Datum
488 2501 615 2540 Romae,
627 2500 709 2543 apud
729 2500 758 2533 S.
771 2500 908 2541 Petrum,
924 2500 982 2533 sub
1000 2511 1052 2534 an-

309 2555 385 2588 nulo
403 2554 580 2595 piscatoris,
595 2553 644 2586 die
658 2563 723 2587 xxx
738 2554 871 2587 ianuarii
888 2564 1050 2597 tunexxitV,

309 2609 510 2654 pontificatus
530 2609 630 2642 nostri
658 2619 739 2642 anno
767 2620 823 2643 ΧΠ.

344 2672 404 2700 Dat.
420 2671 463 2699 die
479 2672 512 2699 30
526 2671 642 2699 ianuarii
657 2671 735 2706 1635,
752 2672 845 2707 pontif.
863 2681 932 2701 anno
951 2679 996 2700 xit.

421 2726 498 2754 Butl.
513 2726 597 2754 Rom.
610 2741 643 2746 —
662 2725 722 2754 Vol.
740 2725 816 2754 XIV.
980 2727 1014 2754 59

1080 1104 1141 1137 lius
1171 1104 1285 1138 nobilis
1313 1104 1361 1137 vir
1385 1104 1498 1138 Paulus
1523 1104 1635 1137 Bessus
1658 1104 1824 1137 Ferret-ius

1082 1157 1211 1200 Fliscus,
1233 1158 1404 1191 modernus
1428 1157 1577 1201 princeps
1600 1157 1770 1191 Masserani
1794 1163 1825 1191 et

1081 1222 1188 1244 comes
1213 1211 1392 1255 Crepacorii
1418 1211 1624 1245 vercellensis
1649 1211 1824 1253 dioecesis,

1082 1270 1244 1298 reveretur
1269 1265 1451 1305 Ecclesiam,
1476 1270 1686 1308 promeretur,
1706 1269 1741 1297 ut
1765 1265 1825 1306 his,

1082 1329 1161 1362 quae
1182 1329 1240 1362 pro
1261 1319 1328 1351 eius
1348 1318 1490 1358 utilitate,
1508 1317 1676 1351 commodo
1693 1323 1723 1351 et
1743 1323 1824 1351 tran-

1082 1371 1236 1415 quillitate
1265 1381 1413 1405 concessa
1442 1371 1584 1411 suerunt,
1610 1382 1672 1414 quo
1701 1371 1824 1405 firmius

1082 1425 1270 1469 persistant,
1299 1424 1461 1469 apostolici
1494 1424 1677 1457 muniminis
1704 1425 1823 1469 praesi-

1081 1479 1167 1512 dium
1189 1478 1419 1522 impartiamur.

1127 1532 1141 1575 ξ
1172 1532 1196 1564 l.
1221 1532 1341 1576 Exponi
1365 1531 1521 1576 siquidem
1546 1530 1637 1565 nobis
1660 1541 1762 1576 nuper
1785 1532 1825 1565 fe-
1840 1540 1917 1588 plantis
1933 1541 2024 1588 1111325-

1082 1585 1124 1619 eit
1147 1585 1250 1619 dictus
1276 1586 1390 1618 Paulus
1412 1585 1536 1627 Bessus,
1561 1585 1645 1629 quod
1670 1585 1745 1618 alias
1761 1585 1824 1619 feli·
1839 1572 1973 1615 griffinum.
1991 1575 2024 1588 ³³

1839 1621 2023 1671 t-ti<*§tssie‚⁶2:¹0¹.z

1839 1674 1956 1696 Philiberto
1982 1674 2024 1695 Fti-

1863 1728 1873 1731 ¹¹
1891 1718 1896 1725 ,
1925 1706 2023 1731 ΙΘΙΠΜΊΠΒ

1083 1753 1149 1780 ctae
1167 1747 1329 1790 dioecesis,
1349 1758 1442 1791 quem
1459 1747 1617 1791 quondam
1636 1747 1824 1780 philibertus
1839 1728 1887 1775 iiiiii
1923 1728 2024 1775 iiiascsss'iil

1839 1788 1887 1802 uun]
1903 1784 2014 1802 0011085511.

1082 1639 1127 1672 cis
1154 1639 1381 1673 recordationis
1409 1639 1522 1672 Paulus
1554 1639 1637 1683 Papa
1664 1639 1703 1672 ΙΙΙ
1732 1650 1823 1683 prae-

1082 1694 1229 1727 decessor
1253 1700 1359 1727 noster
1380 1694 1562 1728 comitatum
1584 1693 1753 1726 lllasserani
1777 1693 1823 1726 di-

1083 1801 1175 1834 etiam
1201 1801 1365 1834 Ferrerius
1389 1801 1509 1834 Fliscus
1533 1801 1572 1833 ab
1597 1801 1708 1834 eodem
1735 1812 1824 1846 prae-

1082 1855 1247 1888 decessore
1268 1860 1298 1888 et
1318 1856 1442 1889 camera
1460 1855 1631 1899 apostolica
1650 1855 1681 1888 in
1697 1855 1824 1889 feudum

1083 1911 1339 1954 recognoscebat,
1364 1910 1395 1943 in
1421 1915 1609 1955 perpetuum
1622 1914 1661 1944 ‚et
1684 1910 1823 1944 nobilem

1084 1964 1353 2006 marchionatum,
1379 1975 1451 1997 eum
1476 1964 1700 2005 iurisdictione,
1726 1963 1825 2007 impe-

1084 2018 1130 2051 rio
1156 2023 1185 2050 et
1209 2018 1304 2061 gladii
1330 2023 1493 2062 potestate,
1515 2018 1699 2062 privilegiis,
1716 2017 1826 2050 immu-

1083 2071 1243 2113 nitatibus,
1269 2071 1533 2115 exemptionibus,
1558 2071 1768 2111 facultatibus,
1793 2071 1826 2104 li-

1083 2125 1267 2166 bertatibus,
1291 2125 1555 2169 praeeminemus,
1581 2125 1823 2168 praerogativis,

1086 2178 1222 2218 indultis,
1240 2179 1358 2221 gratiis,
1377 2178 1473 2221 signis
1491 2188 1617 2222 quoque
1634 2182 1663 2212 et
1683 2178 1825 2221 insigniis

1084 2233 1152 2265 aliis
1182 2233 1344 2276 perpetuis
1377 2232 1536 2265 nobilibus
1569 2232 1825 2273 marchionibus,

1084 2292 1146 2319 tam
1172 2286 1203 2318 in
1228 2286 1331 2330 specie
1355 2296 1449 2329 quam
1475 2286 1506 2318 in
1530 2295 1667 2329 genere,
1698 2285 1826 2318 concedi

1085 2340 1194 2380 solitis,
1212 2344 1242 2372 et
1260 2339 1373 2384 quibus
1390 2339 1442 2372 alii
1462 2340 1661 2372 marchiones
1681 2339 1827 2383 perpetui

1085 2399 1115 2426 et
1138 2393 1259 2426 nobiles
1284 2403 1394 2426 eorum
1424 2393 1658 2426 marchionatus
1689 2392 1726 2425 de
1758 2393 1826 2426 iure

1085 2447 1133 2479 vel
1157 2447 1383 2480 consuetudine
1408 2451 1460 2480 aut
1484 2447 1559 2479 alias
1590 2446 1828 2489 quomodolibet

1085 2501 1267 2541 utebantur,
1293 2500 1494 2544 potiebantur
1519 2505 1549 2532 et
1572 2500 1765 2543 gaudebant,
1791 2511 1827 2534 ac

1086 2556 1146 2595 uti,
1172 2555 1265 2599 potiri
1298 2559 1328 2587 et
1360 2554 1498 2596 gaudere
1527 2558 1673 2597 poterant
1696 2565 1828 2598 quomo-

1086 2610 1202 2643 dolibet
1226 2609 1257 2641 in
1282 2609 1434 2648 futurum,
1459 2618 1518 2651 pro
1543 2608 1610 2651 ipso
1636 2608 1824 2649 philiberto,

1122 2675 1133 2699 1
1156 2672 1193 2699 Ex
1213 2671 1319 2707 Regest.
1340 2670 1368 2697 in
1387 2671 1490 2698 Secret.
1512 2670 1589 2697 Brev.

1715 243 1781 279 465
1826 251 1876 281 An.
1896 251 1925 280 C.
1947 251 2017 281 1634

1865 1007 1985 1028 Exordium.

1934 1598 1954 1615 et
1981 1595 2024 1615 seu-
