2248 3229
180 267 228 292 An.
251 265 278 293 c.
302 264 368 292 1638
415 255 478 290 678

207 910 362 936 Exeqnutorum

181 937 297 962 deputatio*

258 2336 370 2361 berngario

191 2365 348 2384 contrariorum.

378 313 510 346 existere
535 317 564 344 et
587 311 663 351 sore,
685 319 818 352 suosque
843 309 1001 352 plenarios
1022 314 1052 341 et
1072 309 1114 340 in-

377 370 482 408 tegros
507 364 634 397 effectus
659 363 765 395 sortiri
791 367 820 394 et
844 361 997 402 obtinere,
1017 371 1053 393 ac
1076 360 1114 392 ab

378 418 521 451 omnibus
546 422 575 448 et
600 415 752 458 singulis,
777 414 815 446 ad
840 424 918 457 quos
943 417 1062 457 spectat
1087 417 1116 445 et

378 481 436 514 pro
470 476 611 512 tempore
642 467 880 511 quomodolibet
912 467 943 499 in
974 466 1114 498 futurum

378 522 537 566 spectabit,
562 521 783 553 inviolabiliter
807 520 987 559 observari;
1009 519 1115 562 sicque

378 586 435 619 per
455 584 670 618 quoscumque
690 573 807 606 iudiCes
825 573 1002 606 ordinarios
1021 578 1050 605 et
1068 572 1116 604 de-

378 628 505 670 legatos,
523 628 615 660 etiam
637 637 802 660 causarum
827 626 932 669 palatii
953 625 1115 669 apostolici

378 681 546 720 auditores,
574 680 703 713 iudicari
729 683 758 713 et
781 679 905 712 definiri
930 679 1055 720 debere⁷
1082 689 1117 711 ac

378 734 502 766 irritum
534 739 564 766 ct
593 733 704 774 inane,
730 733 755 766 si
785 743 875 766 secus
909 743 1002 776 super
1027 732 1075 764 his
1100 741 1136 764 at

377 797 546 830 quoquam,
567 787 675 830 quavis
700 787 895 825 auctoritate,
916 786 1050 820 scienter
1070 785 1116 818 rel

379 840 569 883 ignoranter,
595 839 763 882 contigerit
787 839 942 873 attentari*

422 894 436 936 ξ
465 894 494 926 4,
519 893 671 932 Quocirca
702 893 815 925 dilecto
848 893 913 925 silio
946 897 1055 925 nostro
1088 896 1117 924 et

378 946 465 979 Sedis
489 947 686 989 Apostolicae
717 956 800 978 nunc
832 951 862 978 et
892 956 950 989 pro
974 951 1117 989 tempore

379 999 520 1033 existenti
553 1000 584 1032 in
615 1010 713 1042 regno
743 999 888 1042 Neapolis
919 999 1054 1040 nuncio,
1083 1008 1136 1031 ae*

379 1062 544 1084 causarum
569 1052 675 1085 curiae
700 1062 843 1085 camerae
860 1051 1051 1095 apostolicae
1069 1061 1119 1093 ge-

379 1105 476 1138 nerali
500 1105 646 1145 auditori,
667 1116 724 1149 per
747 1110 928 1149 praesentes
952 1104 1119 1137 committi-

381 1169 449 1192 mus
467 1164 496 1191 et
512 1159 707 1200 mandamus,
726 1164 877 1202 quatenus
895 1158 964 1202 ipsi,
981 1158 1029 1190 vel
1045 1157 1118 1196 duo,

379 1217 432 1244 aut
450 1222 532 1245 unus
550 1223 676 1253 eorum,
694 1223 750 1256 per
775 1223 824 1251 se,
850 1212 896 1244 vel
923 1211 1038 1251 alium,
1063 1221 1118 1243 seu

379 1265 465 1307 alios⁷
484 1265 645 1298 decretum
671 1271 701 1298 et
724 1270 906 1308 praesentes
927 1264 1045 1296 litteras
1065 1264 1119 1295 hu-

381 1318 525 1360 iusmodi,
544 1323 574 1351 et
594 1319 625 1351 in
649 1319 693 1351 eis
718 1322 861 1351 contenta
886 1326 1118 1360 quaecumque,

378 1371 433 1404 ubi
465 1375 494 1406 et
525 1372 650 1416 quando
682 1382 761 1415 opus
793 1371 908 1411 suerit,
937 1375 967 1403 et
997 1370 1118 1413 quoties

379 1435 437 1468 pro
465 1429 553 1468 parte
580 1430 643 1458 tam
670 1425 904 1468 praedictorum
937 1423 1118 1456 monasterii

380 1478 549 1511 Placentini
574 1489 667 1522 quam
693 1478 825 1511 aliorum
845 1487 1119 1521 quorumcumque

381 1531 520 1564 eiusdem
541 1532 798 1574 Congregationis
824 1531 1052 1564 monachorum
1074 1540 1138 1562 rev

382 1584 487 1627 quisiti
512 1584 637 1625 suerint,
659 1585 840 1617 solemniter
865 1583 1071 1627 publicantes,
1089 1582 1122 1614 il-

382 1637 482 1680 lisque
507 1638 537 1669 in
563 1637 744 1681 praemissis
773 1637 908 1670 efficacis
932 1636 1121 1669 defensionis

381 1690 538 1733 praesidio
562 1691 759 1731 assistentes,
783 1690 896 1723 saciant
920 1689 989 1723 illos
1014 1695 1120 1722 aucto-

382 1745 472 1777 ritate
504 1746 611 1777 nostra
643 1744 890 1788 praemissorum
924 1742 1063 1776 omnium
1093 1747 1121 1774 ct

383 1797 579 1840 singulorum
612 1797 778 1830 commodo
803 1802 833 1829 et
857 1796 969 1829 ctt'ectu
993 1795 1139 1839 pacifice

383 1851 443 1883 srui
477 1856 506 1883 et
539 1851 697 1893 gauderc;
725 1860 788 1883 non
820 1849 1036 1893 permittentes
1070 1859 1122 1881 eos

384 1903 520 1946 desuper
553 1914 570 1935 a
602 1913 760 1946 quoquam
793 1902 902 1945 quavis
936 1902 1122 1934 auctoritate

384 1956 621 1999 quomodolibet
646 1956 783 1988 indebite
808 1955 981 1994 molestari3
1004 1960 1124 1988 contra-

384 2010 520 2042 dictores
544 2010 701 2052 quoslibet
726 2015 753 2042 et
779 2009 912 2041 rebelles
932 2019 987 2052 per
1005 2012 1123 2041 senten-

384 2063 452 2104 tias,
479 2072 627 2095 censuras
652 2062 894 2103 ecclesiasticas⁷
919 2061 1042 2104 aliaque.
1067 2072 1122 2104 op-

384 2121 518 2159 portuna
543 2116 620 2148 iuris
645 2121 674 2148 et
697 2116 768 2148 sacti
793 2114 954 2154 remedia,
983 2115 1122 2158 appella-

385 2169 468 2202 tione
492 2169 682 2212 postposita‚
708 2168 954 2213 compescendo,
981 2169 1123 2201 invocato

386 2222 478 2254 etiam
503 2222 541 2254 ad
566 2223 636 2262 hoc,
654 2222 678 2255 si
699 2221 776 2266 opus
796 2222 900 2261 suerit,
920 2221 1034 2254 auxilio
1055 2221 1123 2253 bra-

386 2275 447 2307 chii
473 2276 631 2308 secularis.

430 2329 445 2371 ξ
470 2328 497 2361 5.
524 2329 591 2361 Non
622 2329 816 2362 obstantibus
850 2327 1124 2362 constitutionibus

387 2386 417 2413 et
437 2381 686 2414 ordinationibus
705 2381 894 2425 apostolicis,
911 2392 946 2413 ac
963 2380 1124 2424 quibusvis

387 2433 642 2476 Congregationis
669 2438 699 2467 et
726 2433 988 2467 monasteriorum
1015 2433 1124 2465 huius-

389 2487 493 2527 modi,
526 2487 618 2519 etiam
654 2487 851 2528 iuramento,
887 2486 1124 2519 confirmatione

388 2541 567 2582 apostolica,
585 2541 632 2573 vel
655 2541 715 2573 alia
740 2541 848 2584 quavis
868 2541 1015 2573 firmitate
1035 2541 1142 2586 roho-3

390 2593 474 2633 ratis,
492 2595 612 2626 statutis
637 2600 667 2627 ct
690 2595 977 2635 consuetudinibus,
1002 2587 1142 2626 ceteris-¹

390 2656 450 2689 que
475 2648 640 2678 contrariis
664 2647 925 2690 quibuscumque.

961 260 1139 286 nULLAan
1164 259 1319 284 ROMANUM

1135 1223 1210 1258 3per
1235 1213 1314 1245 sacri
1339 1212 1471 1245 Romani
1495 1212 1620 1255 imperii
1648 1211 1805 1254 principes
1830 1210 1891 1243 ele—

1899 257 1950 284 An.
1971 256 1998 284 C.
2014 255 2083 284 1638

1191 308 1302 340 Datum
1313 307 1438 348 Romae,
1449 305 1531 349 apud
1541 306 1570 339 S.
1579 305 1716 346 Petrum,
1727 306 1784 338 sub
1792 316 1886 339 annu-

1148 360 1177 392 lo
1185 358 1678 400 Piscatoris‚diexv11novembris
1687 368 1885 399 Mncxxxvur,

1148 413 1346 456 pontificatus
1362 413 1461 446 nostri
1479 422 1559 445 anno
1577 421 1641 445 xvl.

1185 475 1243 502 Dat.
1260 474 1303 502 die
1320 475 1351 501 17
1367 474 1522 502 novembris
1539 474 1616 508 1638,
1637 473 1732 509 pontif.
1748 481 1817 501 anno
1833 481 1885 501 th.

1443 618 1593 652 DCXXIV.

1151 698 1263 731 Preces
1294 699 1475 742 primariae
1505 698 1716 732 Ferdz'nando
1740 697 1799 732 III
1821 698 1890 741 reyz'

1195 752 1418 785 Romanorum>
1431 752 1464 784 in
1479 752 1707 795 imperatorem
1717 751 1811 784 electo
1822 761 1891 783 con-

1196 805 1354 838 ceduntur
1365 806 1383 836 ¹.

1355 885 1490 912 Urbanus
1511 884 1684 918 Episcopus,

1337 936 1442 957 servus
1470 936 1622 956 servorum
1643 928 1707 960 Dei,

1153 991 1332 1018 Charissimo
1353 991 1384 1018 in
1408 991 1525 1019 Christo
1547 990 1608 1018 filio
1631 989 1814 1017 ferdinando
1836 989 1892 1017 Ro-

1187 1043 1340 1063 manorum
1360 1036 1422 1070 reqi
1443 1036 1473 1062 in
1493 1035 1704 1069 imperatorem
1724 1034 1832 1068 electo,
1848 1041 1893 1061 sa-

1187 1082 1281 1108 lutem
1303 1084 1333 1108 et
1353 1080 1549 1114 apostolicam
1568 1079 1820 1107 benedictionem.

1196 1160 1211 1202 ἓ
1235 1159 1264 1190 t.
1282 1157 1378 1192 Cum²
1394 1162 1464 1201 post
1484 1158 1595 1190 factam
1621 1157 1659 1190 de
1683 1158 1818 1200 persona
1840 1157 1891 1190 tua
1964 1164 2092 1186 remman-11

1907 1194 2014 1214 instantia.

1153 1271 1266 1305 ctores,
1283 1265 1321 1297 de
1342 1275 1495 1298 consensu
1516 1265 1617 1297 clarae
1635 1263 1806 1296 memoriae
1823 1263 1893 1296 Fer-

1153 1317 1280 1350 dinandi
1306 1318 1329 1349 II
1356 1318 1571 1350 Romanorum
1597 1317 1681 1359 regis
1705 1317 1736 1348 in
1761 1317 1894 1360 impera-

1155 1375 1254 1404 torem
1287 1371 1377 1403 electi
1402 1371 1499 1413 patris
1524 1370 1568 1403 tui
1593 1375 1667 1402 tunc
1692 1370 1722 1401 in
1748 1369 1894 1402 humanis

1154 1424 1285 1467 agentis,
1300 1424 1330 1456 in
1343 1434 1451 1466 regem
1465 1425 1678 1456 Romanorum
1697 1422 1893 1463 electionem,

1154 1488 1189 1510 ac
1213 1488 1269 1520 per
1293 1488 1350 1510 nos
1371 1488 1430 1521 pro
1448 1477 1612 1509 universae
1636 1476 1822 1509 christianae
1840 1475 1897 1508 rei-

1156 1530 1300 1574 publicae
1321 1531 1419 1563 salute
1439 1530 1668 1570 confirmatam,
1684 1539 1784 1572 nuper
1803 1528 1896 1561 nobis

1155 1584 1381 1627 significaveris
1418 1589 1446 1616 te
1482 1593 1682 1626 summopere
1718 1582 1896 1615 desiderare

1156 1647 1306 1681 personas
1332 1636 1387 1668 tibi
1405 1640 1509 1678 gratas
1533 1641 1563 1669 et
1587 1640 1729 1678 acceptas
1746 1634 1848 1676 gratia
1867 1638 1897 1667 et

1157 1690 1370 1723 munificentia
1404 1691 1456 1721 tua
1484 1689 1587 1732 aliqua
1616 1688 1771 1721 beneficia
1795 1687 1894 1720 eccle-

1156 1744 1280 1776 siastica
1303 1742 1454 1785 consequi
1478 1752 1585 1785 posse:

1201 1797 1215 1839 ξ
1239 1796 1268 1828 2.
1294 1797 1366 1836 Nos,
1392 1794 1658 1838 quemadmodum
1683 1794 1804 1836 magnis
1829 1804 1895 1826 me·
1923 1800 2094 1847 ‚Effsinssccte-

1157 1855 1265 1882 rentur
1275 1848 1380 1881 efferri
1394 1848 1547 1889 laudibus,
1558 1847 1795 1890 insignibusque
1809 1857 1897 1890 prae·
1911 1832 2045 1877 33³me
2054 1831 2094 1846 m·

1157 1902 1254 1934 coniis
1279 1900 1492 1934 connnendari
1517 1900 1697 1932 sublimium
1718 1899 1896 1943 principum

1157 1955 1311 1987 desideria
1331 1958 1361 1987 ct
1377 1958 1457 1993 vota,
1482 1964 1561 1997 quac
1586 1954 1616 1985 in
1641 1953 1736 1985 divini
1761 1953 1897 1986 nominis

1157 2013 1187 2040 et
1204 2017 1412 2051 personarum
1430 2007 1474 2038 illi
1491 2006 1628 2039 clericali
1645 2005 1769 2039 vinculo
1789 2004 1897 2038 adstri-

1139 2066 1278 2094 ,ctarum
1303 2070 1444 2093 amorem
1470 2060 1622 2098 seruntur,
1643 2064 1672 2091 et
1697 2069 1792 2102 opere
1816 2063 1898 2102 post-

1158 2113 1287 2146 modum
1305 2118 1515 2156 consequente
1533 2116 1633 2146 tutum
1651 2111 1849 2143 deducuntur
1867 2110 1897 2142 in

1158 2171 1260 2199 actum
1270 2167 1290 2207 ³,
1309 2166 1349 2199 ita
1374 2166 1466 2198 etiam
1493 2164 1633 2207 dignum,
1654 2164 1701 2196 vel
1727 2163 1832 2207 potius
1849 2162 1897 2195 de-

1158 2220 1257 2252 bitum
1282 2219 1507 2258 existimamus⁷
1529 2222 1563 2249 ut
1584 2216 1745 2260 (quoniam
1771 2217 1801 2248 in
1825 2215 1897 2248 fidei

1159 2274 1336 2306 sinceritate
1354 2277 1384 2305 et
1401 2272 1566 2305 devotione
1587 2271 1725 2304 illibatae
1741 2269 1898 2303 Ecclesiae

1196 2346 1205 2370 1
1230 2344 1265 2370 Ex
1283 2343 1390 2378 Regest.
1407 2344 1433 2370 in
1447 2343 1547 2370 Secret.
1565 2342 1644 2369 Brev.
1662 2358 1695 2361 -
1715 2341 1771 2368 Non
1787 2340 1897 2367 absimi-

1159 2389 1196 2415 les
1212 2388 1401 2415 concessiones
1421 2387 1610 2422 primariarum
1634 2394 1745 2422 precum
1765 2385 1824 2412 aliis
1844 2385 1897 2412 Ro-

1159 2441 1300 2460 manorum
1320 2432 1529 2468 imperatoribus
1556 2432 1646 2458 statim
1674 2435 1733 2466 post
1757 2429 1899 2457 confirma-

1159 2481 1212 2504 tam
1232 2486 1326 2505 eorum
1347 2477 1506 2504 electionem
1527 2483 1670 2504 concessas
1690 2474 1831 2502 retulimus
1851 2482 1898 2500 suo

1160 2522 1227 2548 loco.

1193 2567 1209 2593 2
1224 2567 1331 2594 Similes
1346 2567 1406 2594 vide
1421 2566 1526 2593 litteras
1551 2566 1626 2592 Pauli
1647 2565 1666 2591 V
1687 2573 1754 2600 quas
1774 2563 1898 2591 dedimus

1159 2611 1185 2638 in
1201 2616 1266 2638 tom.
1283 2618 1329 2645 xu,
1346 2620 1405 2647 pag.
1425 2612 1472 2638 197
1490 2615 1517 2637 et
1531 2611 1581 2637 47⁴2
1598 2611 1636 2645 (n.
1654 2610 1702 2643 r.).

1194 2657 1210 2681 3
1226 2656 1292 2682 Vide
1308 2656 1365 2682 lora
1381 2655 1509 2690 pai-atleta
1523 2655 1602 2682 citata
1617 2656 1653 2688 (n.
1673 2654 1720 2687 r).
